2550 4550
209 263 284 343 ψ
464 352 472 376 ,
607 250 830 311 ΞΕ

193 430 385 513 indieauda
397 424 619 525 adhibemur,
635 436 794 535 quamuis
805 399 925 519 eadem
938 428 1027 509 taio
1041 428 1085 509 td
1100 388 1231 511 uatum

207 536 397 612 naturalem
412 532 534 623 relata,
559 560 599 609 ea
613 540 671 627 iia,
685 560 772 635 qnae
787 538 821 607 iu
836 554 994 633 tempure
1006 531 1231 637 praecedunt,

113 700 118 709 .
205 660 325 713 ratum
338 624 593 711 circumstantiis
612 630 688 707 suit
705 630 991 734 etpiorapipudit.
1043 628 1155 708 Potest
1169 636 1233 727 igi·

98 870 102 877 .
205 760 265 915 ppt
285 740 426 837 qnaeuie
448 732 537 857 aiiio
560 733 713 811 humant
728 726 1089 907 adsdppiieemfrpferri
1104 732 1231 907 tanga·

146 873 150 882 ’
204 836 832 1027 iiss‘i‘nii‘o'iuiiii‘iinii
846 858 980 1031 ,ss'ssi‘i'ei
989 856 1233 1034 diffidi?

204 1060 330 1121 meno,
356 1062 444 1137 quae
460 1041 583 1111 iterum
599 1035 641 1108 ab
655 1032 765 1107 aitiori
782 1028 888 1107 eauss'a
903 1025 1040 1106 senfibiii
1060 1031 1230 1133 procedit,

204 1163 308 1241 aque
323 1133 437 1215 rursua
457 1132 681 1237 regrediendo
703 1128 820 1209 seriem
837 1130 1042 1211 cauffaiitatia
1058 1140 1092 1209 iu
1108 1132 1230 1209 indefi-

54 1278 59 1291 ‹
149 1253 153 1263 '
204 1246 319 1315 nitum
340 1238 594 1327 constituimur,
608 1236 748 1333 serundo
764 1260 879 1309 autern
897 1236 965 1307 inea
980 1257 1148 1337 quatenus
1163 1260 1231 1335 per

203 1340 316 1441 legem
338 1338 507 1413 moralem
527 1336 712 1428 iudicatur,
739 1332 969 1410 aeauffalitate
983 1334 1110 1436 pendet
1125 1342 1231 1410 tatio·

120 1461 124 1471 ·
204 1448 277 1561 nie,
310 1464 400 1541 quae
420 1434 546 1553 duma
568 1440 735 1612 tenntporit
757 1432 831 1555 iege
854 1460 989 1555 exetnta
1004 1432 1068 1526 est,
1095 1434 1229 1557 nuliam

203 1542 358 1617 altiorem
373 1538 535 1639 {opponit
548 1562 609 1612 tau
637 1562 710 1627 un,
730 1532 785 1611 sed
799 1562 833 1609 nt
848 1530 879 1609 se
894 1532 960 1639 ipsa
975 1530 1125 1637 perseile
1149 1530 1230 1611 fun·

67 1704 72 1718 .
118 1646 122 1653 '
203 1643 283 1719 dtta
304 1636 360 1716 est.
411 1635 602 1714 Cauiiaiitaa
623 1642 716 1713 enim
738 1640 898 1729 rationis,
925 1632 1227 1759 'quaepttlege'm

202 1741 372 1819 muralem
388 1738 563 1840 proditur,
590 1765 662 1813 non
677 1738 719 1813 ad
733 1736 905 1811 obieiinm
923 1764 955 1811 tn
972 1744 1152 1813 intuitione
1169 1738 1228 1813 da·

120 1866 127 1875 ·
204 1867 281 1919 tum
296 1836 414 1916 referri
430 1838 557 1941 putest3
583 1841 662 1914 aliar
678 1846 769 1914 enim
786 1840 850 1937 legi
866 1838 1079 1913 obieiiorutn
1096 1834 1228 1915 seufibi·

202 1946 308 2033 lium,
340 1944 395 2013 eui
410 1966 525 2014 tamen
541 1936 725 2041 saepiffitne
740 1963 925 2039 repugnat,
953 1938 1081 2039 subdita
1097 1963 1136 2015 ae
1151 1936 1229 2013 snb·

203 2042 290 2119 iessa
310 2036 419 2129 furet3
453 2045 601 2140 pertinet
623 2046 727 2137 igitur
747 2040 789 2111 ad
812 2034 984 2113 nbieiium
1007 2062 1227 2129 noumenuu,

204 2148 300 2220 euius
320 2142 411 2237 leges
433 2164 454 2213 a
475 2139 727 2215 conditionibut
747 2132 951 2216 senfibiiibua
964 2138 1228 2243 phaenomena-

201 2269 282 2323 rutn
304 2240 465 2344 obstringi
491 2264 676 2345 nequeunt

305 2419 484 2514 Qtatennt
511 2417 614 2514 igitur
642 2411 823 2487 hominem
853 2431 1017 2512 tauquam
1050 2407 1226 2486 ubiessum

201 2511 457 2590 eoniidetamua
479 2519 514 2584 in
539 2518 720 2587 intuitione
749 2508 887 2599 datum,
923 2527 1068 2584 ‘eatenus
1087 2515 1227 2614 empiti-

201 2639 284 2690 enm
305 2637 441 2687 tautum
455 2618 491 2684 in
507 2608 579 2712 ipsu
600 2609 832 2689 tharaiierern
853 2615 1058 2686 iuuenitnut.
1109 2619 1226 2714 Quae·

39 2796 48 2808 ,
126 2729 130 2737 ’
200 2715 286 2790 libet
305 2717 409 2813 igitur
427 2709 603 2786 titionum
624 2720 699 2790 eiua
714 2709 857 2787 caussam
872 2711 975 2786 habet
990 2715 1024 2785 in
1038 2708 1119 2788 serie
1134 2707 1226 2787 eaus-

137 2828 140 2838 '
201 2811 315 2892 sarum
346 2806 497 2912 perstste
525 2809 723 2902 fundatam,
763 2835 798 2886 et
823 2812 891 2888 hoe
912 2807 1062 2912 respodit
1085 2813 1223 2888 libertae

201 2939 276 2991 non
298 2910 408 2987 datur.
458 2917 596 2989 Praeter
616 2937 723 2990 omne
737 2934 871 3002 autem,
898 2912 992 3012 quud
1010 2909 1223 2988 nostrum'ad

200 3013 471 3118 phaenomenon
493 3019 659 3114 pertinet,
699 3009 937 3089 eanffaiitatena
959 3015 994 3086 iu
1017 3011 1159 3090 humine
1175 3019 1225 3084 in·

200 3119 378 3192 veniemua
398 3111 586 3193 secundum
600 3137 787 3218 eoneeptnt
803 3117 960 3203 rationia,
986 3139 1074 3215 quae
1087 3113 1224 3194 neeeffi·

121 3211 128 3240 ⁸
199 3240 307 3294 tatem
336 3212 530 3317 praeseribit
558 3215 700 3291 astionis
728 3214 823 3290 nuno
851 3211 1036 3290 etuffarnut
1058 3220 1223 3317 empirice

72 3404 77 3424 .
176 3317 503 3392 -determinantiutu
540 3313 694 3417 respetin
723 3315 853 3390 habito.
911 3319 974 3390 Pet·
1001 3315 1092 3392 hane
1119 3321 1223 3416 igitur

200 3413 457 3509 canisaiitatem,
490 3442 579 3518 quae
600 3416 643 3492 ad
669 3417 848 3492 hominem
870 3441 937 3517 qua
950 3415 1220 3519 phaenomeuou

121 3545 126 3558 ·
199 3513 322 3594 referri
344 3523 479 3615 nequit,
505 3514 660 3590 nostrum
675 3513 811 3616 aliquod
827 3513 1001 3592 ubieiium
1016 3543 1220 3594 nuumeuou

198 3613 432 3716 agnoscimus,
457 3611 643 3693 seeundum
666 3615 759 3718 quod
774 3617 815 3690 ad
830 3617 985 3695 altiorem
1001 3619 1134 3696 inundo
1149 3620 1220 3694 seu·

198 3718 283 3796 sibili
310 3741 426 3792 retum
456 3715 614 3793 ordinem
644 3723 862 3820 pertinemua.
913 3719 1108 3796 Secundum
1130 3717 1219 3796 hanc

198 3824 304 3916 igitur
318 3819 473 3892 aitiorem
487 3816 636 3894 nostram
652 3831 828 3910 naturam,
854 3819 925 3896 aliia
938 3820 1087 3920 legibue,
1113 3847 1220 3922 quam

200 3917 324 4020 quibua
346 3943 443 3998 tuere
455 3915 612 4000 senibus
626 3921 844 4027 obtemperat
855 3943 995 4014 natura,
1020 3917 1155 4002 subietu
1171 3920 1221 3996 sn·

1124 4047 1222 4120 mum
