2550 4550
70 461 75 472 .
233 359 307 470 iit
639 363 864 434 ²²¹²

236 571 416 663 paramur,
446 579 568 634 eorum
590 545 880 653 argumentationi
897 547 969 632 liue
989 545 1089 630 inel'e
1102 541 1261 657 tiiimarl·

238 682 393 738 uertetur
412 661 549 750 iitiu'iri,
578 658 673 758 quoi
693 679 889 734 unitatema
913 655 1141 760 perceptionis
1155 653 1192 726 in
1209 651 1260 726 ‹li-

238 753 368 838 llmiio'
382 755 495 860 aliquo
516 782 552 838 et
572 756 772 834 substantiali
792 757 870 830 ubit
905 781 928 828 o
949 749 1133 844 collucent,
1158 755 1261 826 cuiue

242 855 466 949 existentiam,
491 853 574 944 durii
597 858 852 934 nulla'eiutdeiii
867 860 1002 931 intuitio
1018 853 1134 942 datur,
1159 851 1261 926 nullo

241 951 352 1058 pindo
373 956 603 1034 demonstrare
625 958 746 1034 valent
797 959 929 1032 Nereo
943 949 1078 1058 possunt
1093 955 1192 1028 inniti
1209 975 1263 1026 ar·

242 1083 429 1164 gemente,
460 1059 573 1164 quod.
605 1057 666 1134 nisi
686 1054 882 1134 substantiae
902 1055 1088 1131 oliieiliua'e
1102 1049 1265 1129 admitta-

239 1183 303 1258 tur
321 1161 494 1250 identitas,
527 1165 634 1238 initii
657 1163 929 1264 apperceptionii
944 1177 1090 1258 nequeat
1101 1179 1265 1257 eompre-

222 1257 368 1356 „liciidi3
401 1267 436 1338 in
450 1259 543 1363 quod
566 1285 808 1362 argumentum
826 1265 973 1335 inarime
987 1253 1158 1362 pronaeil
1172 1259 1264 1328 ratio

243 1359 416 1454 humana,
455 1368 618 1467 quoniam
640 1370 674 1436 in
697 1387 865 1468 perpetuo
886 1385 1074 1438 ceterarum
1098 1362 1264 1434 omnium

156 1491 162 1503 ·
209 1531 215 1548 .
243 1465 590 1570 repraesentationum
612 1463 703 1542 fluxu
719 1473 851 1640 semper
865 1490 930 1542 ina
943 1463 1131 1564 eademque
1145 1485 1267 1536 manet

87 1579 90 1588 '
246 1573 465 1670 appereeptio
489 1567 609 1656 nostri,
635 1594 707 1669 quo
728 1563 884 1644 sac'linie
909 1569 1102 1643 inducimur
1127 1561 1170 1638 ad
1186 1588 1264 1666 pet·

246 1668 493 1746 durabilitatem
518 1665 715 1746 substantiae
727 1665 932 1746 obieiliuam
948 1666 1006 1772 ipsi
1021 1663 1264 1768 affignandam.

244 1775 378 1845 verum
403 1767 528 1844 etiamsi
552 1767 736 1846 subieslum
752 1769 1130 1872 cogitanaaleernatioiii
1144 1793 1267 1872 perpe

246 1891 328 1948 tuae
349 1866 439 1944 soret
458 1869 664 1961 obnoxium,
697 1879 743 1947 ita
757 1871 939 1974 itsemper
952 1871 1040 1946 aliud
1056 1866 1193 1974 insupct
1208 1869 1265 1942 ali·

247 1969 296 2048 uil
312 1975 495 2072 exciperet,
522 1997 637 2047 tamen
652 1998 686 2048 et
701 1980 736 2046 in
749 1971 820 2049 hoe
834 1971 909 2056 cal'ii
924 1970 1005 2048 dito
1018 1977 1128 2046 initae
1143 1994 1267 2072 apper·

249 2077 416 2173 ceptionia
438 2069 528 2148 alieri
543 2070 660 2174 posset.
709 2080 760 2149 lta
773 2069 1265 2149 enimet-liacnoidifficulta·

246 2191 285 2250 te
297 2172 451 2275 expedire
465 2175 559 2270 licetq
584 2173 678 2251 sicuti
692 2171 831 2277 sphaera
844 2173 983 2264 elallica,
1003 2179 1037 2246 iii
1053 2170 1193 2248 similem
1203 2179 1267 2246 iiii·

248 2282 411 2379 pingent,
438 2271 516 2349 huic
531 2273 693 2369 eandem,
720 2302 787 2379 qua
802 2271 869 2380 ipsa
886 2272 996 2353 suerat
1010 2272 1171 2377 impulsa,
1195 2280 1265 2348 iiim

249 2380 500 2468 communicati
525 2374 584 2473 fle,
611 2374 671 2451 etsi
691 2373 810 2453 seriem
833 2384 995 2477 ponimus
1008 2372 1266 2458 substantiarum

250 2481 492 2577 cogitantiumq
514 2483 661 2579 primam
676 2494 795 2554 earum
808 2479 921 2571 alieti,
944 2476 1034 2553 lianc
1047 2481 1182 2567 tertiae,
1202 2500 1266 2552 ter·

251 2582 335 2653 tiam
357 2574 504 2677 sequenti
525 2591 560 2653 et'
581 2569 624 2653 sic
644 2604 769 2681 porro,
802 2598 924 2655 ontnei
945 2604 1032 2692 quae
1052 2574 1112 2680 ipsi
1131 2578 1267 2682 inerant

89 2774 92 2779 Ι
249 2676 573 2791 repraesentationes
585 2704 654 2755 ina
668 2706 747 2755 cum
763 2706 881 2757 earum
897 2685 1266 2767 conicientiacuminu·

251 2784 383 2868 nitate,
423 2776 688 2855 consentancum
708 2780 764 2856 ess
814 2786 891 2857 Hae
912 2806 994 2855 vcro
1017 2778 1200 2882 hypothesi
1224 2774 1266 2853 as·

251 2872 379 2969 sumta,
409 2876 493 2951 niliil
516 2880 598 2957 latia
614 2886 1040 2981 appcrccptionieinitatc,
1067 2906 1181 2955 tamen
1197 2877 1266 2954 suli

253 2977 330 3051 iecit
343 2982 519 3075 cogitantis
535 2975 694 3055 successui
708 3006 743 3055 et
756 2982 931 3057 alternatio
973 3007 1110 3083 erpetui
1125 3006 1264 3083 ponere

253 3096 321 3153 tur.
371 3082 467 3153 llaec
479 3105 593 3156 autem
607 3080 631 3156 st
647 3080 738 3157 sorte
752 3084 886 3158 cuidam
902 3009 1068 3191 ‹lisppilieeat
1082 3084 1266 3184 explicatio,

254 3172 352 3268 sciat,
384 3203 448 3251 not
469 3178 553 3279 nihil
577 3180 670 3259 hiace
687 3184 731 3257 de
744 3182 845 3257 rebus
861 3190 988 3287 quippe
1000 3208 1092 3259 extta
1106 3190 1266 3282 cognitio·

254 3282 308 3353 nit
332 3276 502 3352 humanae
524 3276 650 3357 sortem
673 3280 788 3384 postia
808 3284 938 3385 liquere
957 3282 1043 3358 iiltto
1059 3280 1267 3385 profitentes,

255 3402 296 3453 ex
319 3375 477 3453 tunicellis
499 3374 542 3455 sie
561 3382 766 3484 disputando
782 3383 816 3459 id
832 3409 965 3461 tantum
982 3386 1080 3459 nobit
1102 3386 1211 3473 uelle,·
1234 3406 1268 3458 iit

148 3534 150 3541 ,
196 3515 200 3523 ·
257 3502 379 3553 eorum
403 3476 596 3555 refellamus
618 3487 848 3581 opinionem,'
867 3491 925 3587 qui
952 3482 1093 3559 mirifice
1113 3480 1144 3559 se
1167 3491 1201 3559 in
1220 3510 1265 3559 ar·

108 3584 112 3597 ’
256 3582 491 3679 gumentando
515 3574 691 3683 profecisse
712 3590 913 3685 opinantur.
938 3580 1064 3687 siquae
1080 3584 1205 3662 diresla
1221 3610 1267 3661 ar·

257 3700 515 3779 gumentatione
551 3687 637 3756 tueri
669 3708 860 3781 nequeunt,
899 3712 939 3763 ea
962 3683 1129 3791 supposita
1154 3710 1268 3791 perpe

256 3800 332 3853 tam
348 3774 535 3856 necessitate
550 3782 703 3895 deqiuare
726 3780 868 3861 student

361 3946 402 4033 ⁴)
428 3940 625 4020 Distinilam
642 3971 757 4024 autem
771 3957 904 4027 animae
920 3946 1136 4027 substantialia
1151 3911 1267 4026 eboni

258 4036 360 4113 nibut
374 4046 606 4122 ceteriatebua
620 4046 844 4167 existentiam,
868 4058 966 4139 itaut
979 4076 999 4129 a
1012 4060 1117 4129 totiut
1129 4054 1267 4153 reliquae

1182 4176 1268 4227 natu·
