2550 4550
439 355 663 390 ““““““·
790 381 793 394 ·
992 381 1061 456 ret
1129 365 1132 372 '

47 537 231 612 nanteninr
247 530 513 658 obstrepentium
527 565 648 630 voca,
674 561 914 646 praetereaque
928 537 1010 620 latet
1023 531 1062 622 in
1130 567 1135 595 ³

46 662 253 833 will}
281 637 1063 845 iiissitli‘nliliiiiliiiiiiii:
1092 789 1099 802 .

45 837 136 916 Nihil
153 843 255 939 igitur
268 845 382 942 agitis,
396 841 578 918 iuuenilem
595 851 763 921 maionem
779 841 958 950 sopiendo,
984 849 1061 923 bre·
1133 877 1135 885 ’

44 941 299 1034 riertitabitur,
332 941 578 1047 deceptamque
599 942 632 1022 le
653 946 770 1024 rident
791 949 988 1025 credulitate
1003 948 1060 1026 lu'a

45 1038 180 1118 abulurn
203 1042 266 1120 elle
288 1043 536 1147 indignabitur,
561 1071 680 1152 ecquo
696 1057 825 1125 cauriur
839 1075 901 1127 roa
915 1073 1062 1128 onrueru

44 1144 165 1222 rellrae
187 1155 391 1222 contrariam
413 1146 611 1225 sententiam
626 1157 859 1244 remoueririt,
885 1177 927 1230 eo
942 1177 1062 1253 pront-

43 1251 106 1322 riut
120 1246 209 1322 bane
224 1247 366 1324 vestram
382 1247 577 1326 indollrianr
593 1279 658 1354 pro
666 1253 898 1354 stratagemate
906 1253 1063 1348 babebit,

44 1349 82 1424 ad
104 1345 280 1423 fallitatern
302 1375 362 1425 aut
382 1347 497 1425 laltern
521 1350 754 1430 infirmitatem
776 1379 1062 1450 argumentorum
1177 1383 1180 1396 ·

41 1447 227 1524 rellrorurn
250 1447 519 1526 diliimulandam
541 1477 752 1552 comparato.
802 1459 856 1528 Src
875 1472 990 1528 autern
1005 1477 1062 1528 re·
1153 1493 1156 1500 ,

41 1548 184 1626 rendum
206 1549 270 1642 est,
296 1576 341 1626 nt
357 1556 517 1626 nouitatit
541 1549 649 1656 speeie
666 1575 821 1658 correpta
837 1559 996 1628 iuuentua
1012 1545 1061 1652 ἕξ·
1101 1617 1104 1622 ,

41 1647 190 1728 tiliorern
213 1649 408 1728 aduersariis
426 1679 545 1727 aurem
570 1653 748 1756 praebeat,
783 1679 818 1729 er
834 1658 939 1730 nimia
953 1651 1061 1730 rellr'a

40 1759 196 1828 cautione
216 1751 352 1830 indubia
372 1753 460 1829 ultro
481 1751 688 1856 charybdin,
714 1779 817 1857 quana
834 1774 930 1830 tanto
948 1753 1058 1829 lludio

42 1852 403 1944 circumuehebarnini,
449 1857 607 1930 incurrat
657 1860 793 1930 Sincere
818 1857 920 1943 igitur
942 1853 1059 1956 potiul
1222 1895 1229 1908 ·

42 1979 143 2054 atque
163 1977 279 2056 aperte
300 1977 381 2029 cuna
404 1957 582 2029 iuuentute
603 1953 774 2055 agendum
800 1952 863 2029 elle
886 1977 1061 2056 putantur.
1122 1995 1127 2004 ·

42 2054 257 2132 Ollendenda
272 2049 350 2130 lunt
370 2056 537 2156 pericula,
562 2079 676 2158 pateat
690 2053 920 2158 labyrinthus,
947 2078 981 2133 at
995 2079 1059 2134 nec

41 2153 138 2230 ilonr
157 2154 239 2231 dcsrt
253 2156 471 2245 ariadneuor,
496 2161 591 2232 coiua
604 2153 709 2232 docio
724 2162 809 2232 ratio
824 2154 889 2233 lele
904 2155 1063 2258 expedire
1198 2233 1202 2244 ,

40 2255 147 2361 pollet
194 2262 312 2349 Breoi,
348 2263 535 2360 praeceptis
565 2263 698 2334 criticae
722 2256 835 2349 ledulo
858 2263 944 2334 ratio
967 2265 1061 2332 ioue·

42 2384 127 2435 nunt
147 2359 332 2435 imbuenda
346 2366 420 2451 erit,
434 2382 584 2461 tuncque
599 2364 772 2461 rtriutque
790 2362 1062 2461 partiacertami·

42 2484 85 2535 na
108 2485 215 2562 aequa
239 2457 304 2537 fide
324 2458 524 2562 exponenda
546 2456 639 2551 lunt,
673 2486 710 2537 rt
729 2458 880 2564 ipsorum
902 2456 1061 2535 industria
1142 2465 1148 2479 '

43 2567 77 2635 in
109 2561 314 2664 applicandis
343 2567 475 2637 criticae
504 2564 678 2663 principiia
701 2584 737 2637 et
760 2558 943 2639 refellenda
964 2566 1061 2636 oanni
1126 2618 1130 2629 r
1165 2596 1195 2645 ρ

42 2661 149 2764 specie
173 2662 342 2739 dialetiica
367 2688 569 2740 exerceatur.
616 2669 670 2740 Sic
694 2671 869 2739 maturitas
890 2660 1062 2765 quaedam

41 2767 295 2867 comparabitur
325 2772 481 2854 rationis,
521 2762 564 2839 ad
586 2764 715 2841 nuilana
736 2764 850 2868 pellea
872 2770 1063 2839 nouitatem
1160 2770 1170 2795 ⁴

44 2888 103 2943 aut
124 2860 290 2941 insolitam
315 2866 597 2967 argumentorum
621 2862 765 2968 lpcciean
790 2871 985 2955 trementia,
1027 2886 1063 2940 et
1118 2869 1121 2877 ’
1196 2936 1203 2953 ,

44 2992 116 3069 qno
137 2972 233 3043 citior
249 2961 322 3068 sper
336 2972 451 3043 oornia
471 2992 755 3067 argumentorum
778 2964 1063 3069 speculatiuorurra
1107 3004 1121 3064 ,ι

43 3065 273 3160 abscindetur,
298 3093 341 3142 co
355 3068 527 3143 ardentiua
543 3074 578 3141 in
592 3092 726 3171 partem
750 3064 932 3168 prassicarn
949 3070 1065 3141 omnia

43 3168 265 3248 collocabitur
291 3167 468 3261 indullria;
516 3193 584 3269 qua
618 3168 706 3243 bene
733 3166 906 3271 perspesta
932 3162 1065 3242 firmior
1117 3203 1119 3209 ¹
1210 3231 1215 3239 .

42 3373 159 3472 quarn
171 3390 258 3472 quae
273 3393 292 3443 a
303 3394 401 3472 parte
421 3366 623 3471 lpeculatitra
645 3392 794 3469 rnquarn
809 3366 883 3471 etl'p
959 3372 1065 3469 ripo-
1185 3451 1188 3457 ,

41 3489 299 3646 terat-omnem
319 3573 450 3671 iraque,
482 3562 543 3643 lob
563 3590 717 3671 quonam
739 3566 838 3643 titulo
858 3589 937 3641 exer
996 3588 1063 3661 tur,

41 3670 141 3747 lnberi
170 3670 323 3749 idearum
352 3675 549 3748 tonrrnercii
588 3666 830 3747 restnuronem
859 3667 1065 3745 abolendam

44 3768 111 3849 elle
131 3767 326 3875 cenlcnaua,
358 3765 524 3872 lirnulque
538 3766 679 3845 illorum
694 3770 928 3873 improbamur
942 3770 1066 3871 iniqui·

41 3264 210 3374 perluafio
231 3268 395 3374 simulque
416 3276 471 3343 rei.
487 3270 640 3369 publicae
663 3268 776 3344 rtilior
797 3269 1063 3643 οοωίἶῖωτ,
1137 3292 1141 3299 ·

44 3897 166 3966 tatean,
179 3876 239 3977 qni
255 3877 290 3947 in
303 3876 446 3973 gratim
468 3870 735 3975 plerumqueree
857 3894 892 3945 tn
907 3892 1064 3946 comm·
1175 3908 1181 3921 ,

44 3982 138 4051 niter
158 3979 381 4093 opinionupa,
418 3974 575 4093 quantula
596 3968 658 4075 ipll
678 3966 748 4045 inlu
776 3974 1063 4079 ‘cientianrargu-
1166 4022 1171 4033 .

43 4090 248 4205 metuerunt
268 4070 409 4195 ieerutn
436 4066 603 4252 berault:
621 4094 764 4266 ⁴taanen
783 4064 1091 4335 ἱΔιειτίοιπήνῶῗξειιὲι
1218 4190 1220 4193 ι
