2550 4550
411 390 631 407 ···“······“
982 368 1028 443 95

14 544 112 617 enirn
139 530 351 611 statuendum
382 528 489 626 foret,
541 534 630 639 posse
652 530 775 637 tsiqoid
797 524 1035 635 repraesentari

14 638 113 743 quud
136 640 225 711 ident
240 642 379 733 cogitari
393 664 550 737 nequeat.
601 641 696 714 Tasis
711 662 824 711 ametn
845 629 1034 744 repraesen·
1102 714 1109 731 α

14 748 101 816 ratio
124 743 267 812 omnino
280 736 370 811 nussa
396 764 429 813 et
443 748 549 812 manis
565 742 599 811 in
617 764 734 845 mepte
760 736 909 812 stornana
929 738 1034 828 soret,

14 868 106 944 quae
122 844 217 914 unice
231 863 293 940 per
307 842 546 938 cogitationem
562 841 742 941 cognoscit.

122 970 362 1071 Mustipsicium
387 976 486 1069 igitur
504 976 691 1045 intuitionir
705 964 879 1044 necessaria
894 967 941 1043 est
955 968 1035 1043 resa·

17 1082 69 1149 tio
93 1072 135 1146 aes
159 1098 233 1143 eam
256 1070 408 1161 susoicssr,
435 1079 554 1170 inquo
576 1070 760 1155 datasunt‚
786 1070 1037 1143 determinatio·
1126 1140 1130 1157 ‚

19 1198 123 1261 nene,
152 1171 333 1244 secundum
348 1198 450 1271 qnam
466 1170 496 1243 s'e
513 1170 619 1271 ipsum
635 1196 670 1245 rt
684 1179 834 1269 cogitans
848 1174 1036 1268 repraesen·
1123 1250 1126 1260 ¹

21 1300 80 1347 cat.
135 1278 229 1345 Huee
244 1296 358 1344 atatem
375 1270 649 1371 repraesentatio,
671 1277 834 1369 quoniam
851 1294 920 1341 uon
936 1265 1039 1343 oseu-
1079 1327 1081 1332 .

23 1374 172 1448 suasitate
188 1372 328 1444 deriuari
344 1370 468 1470 potest,
480 1453 486 1477 „
496 1371 587 1445 assur
597 1369 911 1465 dispensaremus,
927 1368 1037 1461 (cons.

24 1481 145 1563 Lngic.
167 1472 369 1547 transscend.
392 1480 548 1551 s'moem.
570 1476 604 1573 §.
633 1479 680 1569 r.)
703 1501 807 1575 quem
822 1498 857 1547 et
868 1500 982 1568 potam
1004 1474 1048 1552 et'

26 1579 229 1677 orr'ginarien
241 1578 503 1671 appereepriontn
517 1574 778 1677 appessabimor;
798 1600 933 1671 went,
957 1602 1041 1678 qua·

26 1702 126 1752 tenua
142 1679 183 1747 ab
204 1682 363 1773 empirica
378 1672 589 1747 obsessorum
610 1681 797 1749 intuitione
811 1702 967 1751 externae
980 1686 1041 1775 ap'·

28 1780 246 1878 perceptione
263 1781 296 1847 in
309 1774 477 1849 incessecso
492 1774 721 1871 distinguenda
735 1774 799 1863 est,
824 1782 1040 1877 originariam,

30 1884 201 1977 quatenoc
218 1874 298 1949 iness
320 1872 378 1975 ipsr
400 1902 439 1951 ea
464 1872 597 1953 susiseisi
619 1874 662 1950 ‹se
684 1874 716 1950 se
738 1874 807 1977 ipso
827 1888 1040 1972 conscientia,

31 2006 115 2079 quae
137 2000 259 2051 omnes
278 1982 415 2078 quicsenr
438 1980 759 2077 repraesentationes
773 1976 948 2054 necessarie
961 2007 1041 2055 con·

33 2084 229 2163 comitatur,
255 2102 290 2151 et
311 2084 345 2151 in
369 2087 464 2151 omni
480 2076 824 2180 repraesentationum
841 2079 1042 2159 conscientia
1073 2076 1100 2157 f

33 2180 168 2253 resauoa
191 2177 257 2252 sroe
279 2185 439 2278 empirica
460 2205 523 2252 rna
538 2178 584 2253 ess
598 2182 803 2281 eademque,
825 2177 908 2275 (siue
923 2184 1040 2258 idcuts·

35 2285 107 2376 ca,)
132 2276 200 2382 ipsa
221 2304 334 2371 autern
351 2306 369 2353 a
385 2279 474 2354 nossa
487 2280 595 2354 astiori
610 2281 804 2354 conditione
820 2289 943 2358 tuentio
960 2313 1042 2384 pen·
1101 2301 1106 2310 '

37 2381 101 2456 det.
152 2387 245 2455 Hace
258 2405 340 2453 reru
355 2379 573 2456 eonscientiae
587 2387 713 2466 ruitae,
738 2405 825 2481 qnae
840 2387 875 2456 in
889 2411 1044 2462 otunrre·
1136 2437 1139 2445 ·

26 2476 338 2581 'praesentationem
360 2482 603 2581 multiplicitate
617 2481 834 2578 conspicitur,
861 2482 1044 2559 seeundum

39 2585 69 2652 us
86 2583 176 2680 quud
193 2580 378 2656 lntroduss.
395 2579 428 2678 §.
452 2587 539 2655 Vsss.
554 2581 753 2682 expsicatum
769 2581 832 2670 ess,¹
857 2589 964 2658 vuisera
977 2609 1045 2659 ton·

30 2681 175 2776 ,scientiae
196 2671 748 2776 (cortisanos).transsumentem
772 2684 969 2776 appessauda
987 2687 1045 2776 ess,

39 2809 101 2880 qtra
116 2777 253 2883 q'uicsern
269 2783 543 2855 denominatione
561 2778 777 2880 significatur.
792 2781 854 2854 esse
871 2811 944 2854 earn
954 2812 1046 2881 prm·

41 2881 174 2980 crpitum,
191 2907 229 2958 ex
244 2908 313 2982 quo
330 2879 522 2983 possibilitas
537 2890 770 2983 cognitionum
788 2909 805 2954 a
821 2887 1049 2984 prrourmessi·

39 3009 70 3081 gr
84 2983 194 3084 possit.

17 3137 22 3146 ’
136 3111 245 3190 Nesso
274 3119 365 3189 enirn
395 3125 467 3190 sure
495 3119 601 3189 rarior
620 3140 686 3208 eae
714 3111 1048 3218 repraesentationes,

14 3233 15 3312 ζ
42 3243 122 3316 quae
137 3222 173 3289 in
188 3222 367 3290 intuitione
381 3217 735 3318 aliquainueniontur,
750 3241 842 3290 mear
856 3217 983 3320 possem
993 3250 1048 3322 ap·

14 3365 15 3372 κ
43 3319 178 3414 pessare,
203 3313 261 3388 nist
285 3341 405 3390 ornnes
427 3317 484 3388 sub
507 3319 624 3390 cadem
646 3315 846 3392 conscicntia
868 3329 935 3394 rnei
956 3341 1049 3397 conr·

14 3405 17 3458 s
41 3419 341 3518 prehenderentur.
392 3423 471 3492 Hoc
487 3443 600 3491 autem
618 3443 654 3492 rt
668 3415 848 3510 efficiatur,
875 3420 1051 3500 necessarie

45 3543 116 3593 curn
139 3520 204 3595 issia
226 3521 475 3594 conditionibus
498 3525 532 3592 in
551 3511 698 3594 sobiessn
712 3523 1052 3622 enngmeredebent,
1123 3563 1125 3566 >

45 3619 106 3699 fine
128 3623 252 3724 quibos
273 3617 333 3696 sub
354 3647 419 3695 rna
434 3616 715 3708 mei'eonseientia
729 3625 975 3726 conprehendi
996 3656 1050 3707 ne·
1172 3656 1177 3666 ·

47 3727 235 3823 quernus.
252 3749 283 3803 e.
298 3748 420 3798 omnen
435 3720 476 3797 ars
490 3723 670 3798 identieam
687 3721 821 3801 sibiessi
834 3727 878 3804 de
891 3730 923 3804 se
938 3733 1055 3834 ips'ort

47 3830 215 3928 cogitantis
231 3821 571 3926 repraesentationem
586 3825 709 3902 cesaree
722 3827 785 3902 esse
798 3831 936 3923 debent

140 3959 383 4064 Distinguenda
397 3985 510 4035 autern
523 3956 570 4038 est
585 3958 670 4036 haec
684 3964 791 4038 ruitae
806 3961 1055 4044 snnescendcn·
1175 4034 1179 4044 .

50 4061 115 4142 tasio
127 4070 348 4145 conscienciae
361 4067 402 4143 ab
418 4076 539 4142 onresr
553 4061 748 4186 constitutine
754 4073 930 4167 mosetica,
944 4065 1056 4237 stpp'sn
