2550 4550
25 4460 28 4513 l

414 344 635 407 Ξ
900 426 905 435 ἡ
966 354 1035 439 ης
1067 298 1089 401 ¹r
1177 360 1178 365 ’

52 526 150 625 alege
169 524 278 629 aliqua
290 526 567 630 praedicamenti,
590 490 822 609 altematiuam
835 482 1037 605 determina·
1064 534 1069 545 '
1133 566 1139 583 ι

52 634 168 703 dunum
181 625 1040 709 inrebuacoexisteneibuaconseeutionemdefinien·

52 735 96 816 tir,
110 732 326 850 repetendum
341 730 404 853 ell3
417 760 480 835 per
492 759 595 852 poam
609 729 676 906 ipsa
683 732 732 807 de
739 729 839 853 reppa
852 756 890 807 rt
901 726 1041 850 ubicslia

51 830 1083 1011 {iiiiiicilitiis?ltillsl'¹'’tl²ll:l=
1149 977 1152 991 ,

52 1037 191 1106 continet
214 1032 511 1111 determinationes
526 994 713 1126 ’muscum
755 961 900 1134 quarum
919 1029 1068 1131 caussae¹
1151 1104 1155 1118 ,

52 1138 81 1205 in
94 1132 227 1208 alteraB
244 1140 478 1228 continentur,
504 1142 655 1233 inflatus,
679 1161 718 1211 at
737 1132 762 1209 st
782 1158 904 1210 mutuo
919 1126 1046 1213 Beaus·
1095 1172 1138 1226 ,χ

51 1229 93 1309 lar
112 1233 431 1313 determinationum
451 1239 590 1317 aliarum
612 1236 809 1316 substantiae
833 1246 864 1313 Α
885 1240 1047 1325 continet,

51 1341 244 1411 ronnmiarn
266 1365 416 1419 tucatur.
466 1341 712 1417 simultaneitar
738 1344 839 1440 igitur
856 1334 1051 1413 substantia·
1152 1408 1155 1414 .

52 1463 121 1513 rum
143 1444 176 1511 in
198 1434 302 1541 spatio
323 1466 394 1514 non
409 1440 517 1543 potest
530 1442 683 1543 cognosci
699 1439 758 1515 nili
772 1442 978 1517 commercio
993 1431 1051 1509 seo

53 1537 170 1613 inllutu
192 1566 315 1615 mutuo
337 1541 507 1634 concello,
555 1568 618 1643 per
643 1566 746 1643 qoem
771 1543 974 1646 experientia
995 1562 1052 1624 co·
1138 1544 1141 1554 '

54 1634 251 1714 existentium
278 1647 428 1743 primum
462 1638 620 1745 possibilia
648 1640 808 1718 redditur.
879 1646 1054 1715 Ponamoa
1105 1716 1108 1719 .
1183 1640 1193 1683 ⁷

54 1745 137 1813 cnim
157 1739 200 1814 ad
218 1739 413 1818 ulteriorem
430 1742 570 1820 huiusce
590 1749 640 1820 rei
660 1740 912 1819 illustrationem
932 1744 967 1813 in
981 1736 1057 1815 sub·

52 1839 242 1915 llantiarum
263 1845 376 1943 aliqud
396 1844 577 1965 complexu
605 1870 708 1920 roam
734 1868 908 1948 quamque
936 1864 1056 1915 earum

52 1942 145 2043 plane
159 1938 222 2017 else
238 1936 439 2044 separatam,
454 1972 477 2024 r.
490 1973 520 2019 e.
534 1944 661 2021 nullam
676 1952 819 2019 omnino
834 1966 950 2019 earum
968 1939 1058 2015 inal-
1208 2022 1211 2028 ,

52 2065 155 2115 arram
177 2051 309 2143 operari
331 2068 390 2119 aut
410 2046 453 2120 ab
466 2045 570 2121 altera
591 2044 757 2121 inflatum
780 2051 949 2146 accipere,
975 2064 1059 2117 tunc

51 2138 258 2218 coexistentia
285 2168 401 2220 aarum
429 2145 524 2219 nullo
558 2146 666 2221 modo
692 2140 782 2220 soret
811 2140 1059 2245 cognoscibilia·
1147 2178 1149 2181 ·

52 2269 111 2320 nec
132 2244 175 2318 ab
193 2241 361 2320 existentia
385 2252 483 2321 tniua
512 2272 574 2350 ptr
599 2244 618 2322 s
635 2242 767 2322 nthcfin
793 2250 991 2346 empiricam
1017 2194 1062 2320 ad
1141 2347 1143 2352 Ι

52 2343 252 2422 existentiam
268 2345 401 2422 alteriur
414 2346 582 2423 conclusio
596 2273 791 2450 sdriposl'et
841 2354 875 2422 Si
891 2351 982 2422 enim
992 2339 1065 2419 sub·

53 2445 188 2523 stantiae
209 2471 272 2549 pet
290 2441 434 2625 spatium
455 2474 601 2526 ratuom
623 2444 789 2555 separatae
812 2446 930 2541 essent,
963 2451 1008 2522 ita
1028 2465 1065 2520 rr
1189 2453 1194 2468 '

54 2554 166 2622 omnir
194 2573 294 2623 conta
330 2555 363 2624 ui
391 2555 527 2650 penitus
551 2547 798 2626 abscinderetur
817 2551 931 2644 locut,
981 2569 1066 2622 tunc

53 2647 257 2747 procedente
269 2670 428 2751 tempore
447 2651 491 2726 ab
509 2675 576 2726 vna
588 2651 631 2727 ad
646 2652 784 2728 aiteram
799 2653 977 2754 peruenire
992 2641 1068 2751 pus·
1101 2653 1111 2680 ’

53 2746 181 2841 lemur,
206 2750 349 2825 atnollo
362 2749 470 2826 modo
483 2749 768 2845 desinireliteret,
793 2777 837 2828 an
851 2753 985 2827 intuitio
1001 2771 1067 2824 rna
1130 2785 1133 2791 ·

56 2849 195 2926 aiteram
218 2849 385 2928 obieslioe
405 2848 652 2956 insequeretur,
692 2877 751 2931 aut
771 2850 966 2928 simultanea
987 2875 1069 2929 cum
1161 2931 1164 2940 ,

55 2948 124 3050 ipsa
145 2949 234 3030 esset
282 2951 431 3057 Quando
452 2958 554 3055 igitur
573 2955 661 3032 duae
680 2953 876 3032 substantiae
897 2955 1016 3031 Aetli
1032 2969 1071 3026 rt
1141 3003 1145 3014 ,

56 3051 276 3129 corridente·
296 3059 332 3130 in
355 3078 410 3128 em
437 3059 516 3131 iriea
535 3053 839 3157 repraesentatione
859 3057 965 3130 menti
980 3049 1073 3127 exhi·

58 3147 201 3245 bentur,
239 3176 324 3230 tunc
343 3078 442 3230 inesse
462 3154 626 3231 ambabus
649 3181 783 3256 praeter
802 3155 986 3258 simplicem
1009 3155 1073 3225 eri·

59 3247 213 3330 sttntiarn
237 3253 373 3355 aliquod
387 3255 489 3333 debet
508 3280 747 3353 momentum,
773 3255 945 3362 per'quod
955 3257 1074 3428 prima
1151 3306 1154 3312 ,

57 3361 90 3426 A
110 3352 206 3432 alteri
222 3359 249 3431 B
268 3381 304 3433 et
316 3353 428 3445 rurlua
442 3355 567 3435 harcll
592 3357 637 3434 illi
649 3368 680 3435 Α
693 3359 808 3438 lucum
822 3355 953 3434 suuma

58 3455 281 3561 intempore.
329 3457 496 3549 ldautem
511 3465 608 3536 tnice
620 3456 1075 3563 tanquamlocumaisrgnana
1117 3529 1120 3536 ,

59 3550 158 3632 alteri
172 3555 311 3661 rogitari
325 3558 454 3663 potest,
478 3559 572 3662 quud
585 3557 728 3640 caussam
745 3585 803 3640 aut
816 3561 1074 3650 alteriuatoeiur,
1156 3571 1159 3581 ·

58 3679 121 3731 aut
142 3655 258 3735 saltem
280 3659 601 3738 determinationum
621 3663 847 3766 quarumdam
861 3665 896 3737 in
911 3654 983 3774 ipso
995 3681 1078 3735 con·

59 3759 164 3837 tinet.
208 3757 429 3840 coexistentia
448 3756 702 3838 substantiarum
721 3769 731 3838 i
755 3771 822 3840 itur
835 3755 990 3864 cognosci
1004 3781 1077 3836 non
1093 3759 1099 3852 ⁸.

61 3857 194 3960 potest,
218 3859 278 3937 nili
292 3855 648 3969 substantiaquaelrltet
660 3790 894 3944 causalitatem
907 3861 1079 3961 certarum

62 3959 293 4134 puarumdam
305 3961 640 4049 alttrlurl'ulrllantiae
649 3965 970 4046 determinationum
978 3989 996 4056 ,¹
1015 3967 1080 4063 (ip
1198 4001 1217 4020 ··

80 4067 218 4145 teniat
240 4062 417 4148 substantia
437 4065 617 4252 masawpp
631 4061 697 4160 effe
709 4053 1081 4241 mqoitlfitndqpeeazs'
