2550 4550
431 377 653 398 -ι-ῇ

43 515 267 610 cognitionem
300 514 523 641 nihilominus
546 520 784 626 adipiscamur,
816 546 877 602 aut
903 519 1051 632 inscitiae
1121 529 1123 536 '

42 611 169 687 nostrae
183 611 304 733 caussas
319 618 509 696 necessarus
524 627 711 728 exploratae
726 624 921 702 habeamur.
968 631 1051 728 Quo

42 711 93 798 fit,
125 739 160 786 rt
174 737 261 787 ratro
276 742 354 789 cum
375 716 480 794 semet
493 720 562 822 ipsa
583 723 707 798 distare
722 731 755 798 in
774 722 977 825 scepticismo
994 752 1052 802 ne·
1167 787 1169 792 .

44 835 142 914 queat
165 809 349 907 subsilere,
389 816 443 895 sed
461 819 502 896 ad
526 828 692 914 criticam,
718 831 952 928 cognitionum
967 826 1054 900 limi·

44 937 92 988 tea
107 913 383 1008 constituentem,
398 919 584 1021 confugere
597 951 747 1024 cogatur.
797 932 895 1029 Quae
908 951 945 1002 rt
958 923 1053 1001 tetti-

42 1037 80 1088 ut
100 1014 342 1112 intelligantur,
378 1025 445 1095 itm
467 1049 635 1124 quantum
655 1021 878 1127 scepticisutua
898 1053 919 1105 a
939 1031 1052 1106 critico

40 1111 150 1190 uollra
162 1115 278 1211 distet,
303 1119 436 1198 rbeuua
460 1129 700 1228 exponendum
715 1133 788 1205 erit

41 1465 253 1568 Scrptittsnacr
270 1467 508 1568 iafirffirieatiara
527 1481 665 1554 rationis
684 1501 786 1574 purae
803 1479 848 1552 ad
861 1473 1054 1550 ‘annornm

113 1587 405 1684 transfundentium
424 1597 629 1692 cognitionem
652 1619 693 1666 rx
704 1591 808 1688 findis
830 1596 1055 1690 comprobato
1166 1653 1170 1664 .

76 1706 82 1718 '
109 1703 295 1803 posttriori,
338 1731 397 1800 prr
415 1719 667 1809 argumentorum
688 1715 934 1810 dogmaticum
954 1705 1089 1806 confit·
1155 1783 1158 1789 .

115 1843 202 1910 rara,
228 1820 387 1920 etsolsara
399 1821 453 1922 'ffi
465 1824 645 1923 poffiffioait
657 1852 679 1900 a
691 1831 877 1926 dogmaticis
889 1823 1055 1926 affrslatat

115 1939 243 2039 titulant
262 1938 468 2028 demonstran
499 1966 606 2016 aaron
615 1942 709 2042 spem
726 1967 786 2017 aon
801 1947 916 2016 adimit
929 1946 1057 2016 eandem

112 2062 306 2153 proviniaco
318 2055 587 2156 iustiorisortoffir
598 2062 694 2134 titolo
709 2059 818 2156 rnrfat
831 2061 975 2156 occupari
986 2057 1058 2156 pff·
1113 2129 1115 2134 .

106 2172 163 2272 so·
205 2176 325 2252 Critira
346 2200 421 2250 otro
440 2182 575 2252 rationis
588 2177 705 2269 finibus
723 2185 816 2254 tertis
825 2178 974 2272 stimtt'ar
983 2173 1059 2272 pos·
1117 2230 1122 2239 -

107 2295 215 2395 fidilis
230 2300 383 2397 regionem
403 2297 551 2387 includit,
588 2308 622 2371 et
640 2296 757 2397 raoffltr
777 2302 893 2393 pandit
917 2295 1058 2395 irfiitt'ae

63 2513 67 2517 g
117 2408 238 2507 nostrar
248 2412 442 2513 atrefflrriast
467 2417 544 2516 qaid
557 2416 813 2517 cognoscipofflt,
838 2416 915 2515 qaid
927 2436 1004 2503 non,
1018 2434 1059 2485 rx

116 2531 186 2631 ipso
192 2532 364 2633 facultatis
375 2532 600 2634 rognosct‘ttlrat
618 2548 734 2609 natura
748 2536 885 2631 aptiori
901 2528 1057 2621 dasatcat.
1202 2560 1207 2569 ·

144 2716 273 2795 Exstat
285 2712 479 2822 scepticismi
493 2743 572 2794 cum
587 2721 700 2796 critica
714 2714 825 2796 nostra
839 2720 1063 2820 comparatio·
1173 2763 1176 2769 ·

44 2811 1064 3027 lllf⁰llllltltliltlllltlll}lllllllll
1137 2842 1147 2855 “

44 3022 186 3128 sceptici
200 3019 300 3101 secuti
321 3022 413 3117 sont,
445 3028 586 3099 rationis
606 3047 748 3099 conatur
769 3020 811 3098 ad
829 3028 1065 3124 cognitionem
1182 3098 1184 3106 ,

45 3128 277 3228 dogmaticam
300 3130 334 3199 in
355 3122 611 3227 intelligibilium
637 3132 777 3228 regione
797 3121 1066 3227 comparandam
1115 3207 1116 3210 Ἴ

45 3256 120 3305 noa
140 3232 299 3333 reprimi,
324 3225 380 3303 sed
395 3232 527 3303 excitari
571 3231 673 3309 otius.
722 3230 955 3333 Stcpticorum
972 3230 1066 3301 enim

45 3358 87 3409 ea
110 3329 159 3435 est
180 3329 385 3420 methodus,
410 3352 448 3405 rt
461 3252 691 3431 quocsduoque
705 3354 724 3404 a
739 3328 938 3432 dogmaticis
953 3325 1066 3429 philo·

45 3431 165 3532 sophia
188 3438 223 3509 in
236 3442 427 3535 ‘utramque
448 3455 580 3536 partem
605 3432 656 3508 rel
678 3427 821 3533 politiae
842 3430 893 3505 rel
909 3434 1066 3531 negarine

45 3536 230 3614 stabilitum
252 3534 318 3625 cll,
349 3538 558 3637 argumentis
576 3525 1066 3638 utrobiqucuppolitisinfrin·
1189 3604 1193 3612 ,

46 3664 143 3737 gant
193 3642 247 3715 Sic
268 3662 383 3714 autem
405 3632 587 3711 humiliant
604 3636 744 3740 quidem
756 3644 944 3727 rationem,
968 3653 1003 3709 et
1017 3636 1066 3708 itt·

46 3741 175 3817 [citiam
189 3738 290 3844 ipliua
304 3746 339 3833 in
353 3739 463 3813 lucem
480 3737 711 3843 protrahunt3
736 3760 771 3815 at
784 3734 907 3816 caussae
921 3728 1067 3811 institiae

47 3868 123 3919 aon
151 3840 263 3918 smul'
277 3839 484 3931 reuelantea,
533 3836 731 3942 peruersum
764 3862 898 3916 tantum
929 3840 1068 3912 rationia

46 3940 147 4021 rsum
170 3944 348 4044 hucuaque
369 3940 556 4015 inllitutum
579 3936 643 4015 esse
658 3940 879 4042 exprobrant,
905 3934 997 4018 haud
1012 3964 1069 4013 re·

47 4070 92 4123 ra
105 4050 247 4155 ratiuoir
260 4042 362 4150 ipsun
375 4036 642 4221 insufficientium
657 4044 700 4120 ad
714 4040 796 4147 tolca
809 4056 952 4121 curtatur
966 4062 1005 4143 er
1020 4054 1069 4113 at·

591 4162 649 4238 t5
923 4161 1071 4244 gumen·
