2550 4550
404 293 413 311 ἱ

256 345 301 423 ’6
618 344 845 402 Ξ

226 524 393 607 eonstituo
410 531 642 631 qmttrnionit
663 524 733 605 liue
751 530 886 607 numeri
907 514 942 619 q.
989 468 1237 605 annuntium

225 655 268 707 to
303 652 429 705 tantm
442 633 584 728 genere,
608 626 678 725 (de
690 654 761 731 quo
776 651 819 713 an
835 626 1097 730 quaternionem
1110 619 1167 701 seu
1180 625 1239 705 de·

224 656 386 807 'taddete
404 733 607 829 expalmat,
631 724 895 849 nondelinitqm
909 724 981 827 ell)
1005 722 1141 802 ieiteutt
1154 751 1240 846 eon·

223 832 326 907 llituo
352 851 539 927 eoneeptut
559 826 604 905 de
621 834 813 1003 quantiam,
845 854 867 903 t.
887 850 919 903 e.
939 823 1148 901 methodum
1175 827 1238 904 alt·

251 952 331 1003 uam
352 924 497 1015 definio,
526 923 626 1003 l'eeun
652 953 711 1002 um
725 952 829 1028 quam
845 929 1040 1027 quantitatis
1052 949 1144 1001 terta
1156 950 1190 1003 e.
1205 952 1237 1025 g.

224 958 347 1105 decem
366 1029 512 1129 millium
532 1022 592 1101 sub
610 1052 695 1131 typo
715 1026 776 1103 suo
794 1023 1034 1123 repraesentari
1079 1022 1153 1099 uiltt
1172 1052 1239 1128 per

224 1127 436 1229 {iugulorum
454 1124 703 1229 appolitionem
720 1123 952 1217 lueeelliutm3
975 1050 1077 1201 ltuud
1084 1150 1166 1202 tero
1184 1151 1238 1229 ty·

224 1225 433 1334 pumipl'utn
455 1230 606 1318 delineo,
629 1235 688 1329 qui
703 1250 846 1333 propter
859 1224 1068 1323 lingularum
1079 1232 1116 1301 in
1128 1251 1240 1329 quatt-

226 1336 270 1407 tie
290 1331 475 1405 maioribus
487 1328 741 1406 multitudinem
756 1328 849 1404 haud
861 1324 958 1404 facile
971 1330 1007 1401 in
1022 1330 1238 1429 imaginatio·

225 1454 273 1507 ne
291 1428 378 1521 stlli,
415 1450 475 1503 aut
493 1453 574 1503 eum
595 1453 764 1532 conceptu
787 1425 858 1529 ipso
880 1452 960 1505 eom
1006 1430 1070 1501 rati
1093 1435 1238 1529 poterit.

225 1534 385 1631 Sequitur
403 1528 500 1621 inde,
533 1553 595 1630 pet·
612 1529 749 1606 schema
763 1534 845 1606 terti
857 1536 953 1606 tniut
977 1552 1033 1601 am
1047 1552 1241 1630 conceptus

112 1658 116 1663 ⁴
223 1626 400 1728 fignificati
424 1625 766 1731 repraesentationem
786 1630 830 1705 de
857 1626 1024 1707 methodo
1045 1634 1081 1703 in
1098 1654 1243 1729 genere,

225 1730 412 1807 secondum
432 1756 537 1834 quam
556 1738 752 1835 imaginatio
766 1732 902 1809 cuilibet
916 1734 1096 1834 conceptui
1109 1754 1240 1835 typum
1271 1784 1272 1789 ,

224 1856 417 1934 congruum
442 1857 628 1935 comparat.
1271 1908 1272 1913 ,

327 1936 424 2008 Haee
450 1956 570 2024 auten,
614 1957 719 2035 quam
747 1930 908 2022 diximus,
953 1936 1043 2005 inter
1066 1925 1245 2012 schemata

161 2108 182 2178 ¹
223 2029 1247 2238 iiiiii:iilttifillzlilii'lzl{iiiiii

216 2232 1245 2339 ‘bursenlualitatiapotientemultominutempititittypum

223 2337 621 2440 umquamadaequatum
630 2337 700 2412 dari
709 2336 1087 2440 polle3ledeotumdem
1096 2339 1137 2413 ad
1146 2342 1249 2419 obie-

63 2477 68 2484 ·
225 2439 278 2517 lia
299 2443 522 2538 experientiae
543 2436 701 2544 polltbilit
714 2441 913 2517 relationem
927 2465 991 2544 pet·
1004 2436 1139 2516 stltema
1156 2470 1249 2526 nna.

226 2547 408 2642 ginatinnit
436 2565 542 2641 purae
562 2566 583 2614 a
602 2543 709 2642 priori
727 2545 879 2644 primum
908 2541 1122 2643 cogitabilem
1150 2541 1246 2630 fieri.

226 2647 281 2719 sie
302 2645 482 2741 conceptui
498 2665 586 2742 puro
600 2639 756 2742 trianguli
772 2642 882 2718 nullut
897 2669 1062 2746 umquam
1078 2645 1248 2747 trianguli

226 2751 331 2846 typt‘tt
351 2765 534 2841 congruet,
563 2745 600 2816 in
617 2740 687 2818 lton
698 2747 791 2842 enim
805 2740 1029 2822 uniuersalitat
1043 2743 1102 2820 illa
1115 2768 1250 2828 tonue-

228 2869 328 2946 peut,
360 2839 544 2918 seeundum
558 2867 662 2943 quam
678 2851 802 2946 pariter
816 2845 859 2922 de
871 2845 1128 2948 aequilatetibut
1143 2873 1182 2925 et
1197 2855 1248 2932 de

227 2949 433 3048 aequietutit
447 2941 490 3018 de
510 2943 710 3044 redituqulit
726 2971 761 3024 et
783 2947 985 3050 aeutangelit
1009 2947 1113 3041 valet,
1138 2955 1246 3030 nullu

217 3046 334 3124 modo
347 3044 458 3151 potell
469 3043 633 3123 exhiberi:
657 3040 713 3123 sed
728 3057 922 3152 quicunque
936 3074 1038 3152 typus
1051 3076 1154 3128 tuam
1164 3080 1250 3134 tan·

224 3172 302 3226 tum
316 3144 564 3225 uniuersalitatis
576 3148 667 3226 illiue
680 3151 1101 3254 partemcumpteltendtt
1133 3155 1251 3238 Sthe·

48 3321 61 3340 ,
224 3277 417 3328 maantam
438 3251 593 3352 trianguli
614 3249 836 3352 synthetieum
860 3253 1009 3357 designat
1024 3259 1252 3360 imaginatio·

223 3358 278 3428 nit
297 3377 475 3446 normam,
496 3347 680 3430 seeundum
694 3379 800 3456 quam
813 3351 943 3436 fnnnat
957 3381 1059 3458 purat
1080 3369 1114 3435 in
1129 3355 1252 3463 spatio

78 3452 81 3465 '
224 3452 430 3530 construiiat
444 3458 754 3560 (circumscriptae)
770 3459 876 3562 fingit.
926 3460 1040 3539 Multo
1049 3469 1165 3539 minut
1183 3491 1254 3544 au·

225 3575 299 3631 tem
314 3559 477 3656 empitieo
492 3581 521 3631 e.
536 3583 570 3658 g.
583 3558 627 3635 de
640 3583 724 3635 eane
736 3568 934 3666 conceptui,
957 3587 1060 3668 typut
1074 3565 1159 3642 tllut
1177 3594 1255 3672 po·

224 3663 305 3733 terit
323 3681 530 3757 congrueteq
553 3652 685 3762 lemque
705 3669 798 3738 enim
819 3660 963 3766 speeiem
984 3689 1136 3760 tantum,
1162 3695 1254 3750 nun

223 3755 506 3836 vniuerlalitatetn
521 3757 608 3836 sistet
621 3771 771 3864 genetitt
787 3771 909 3844 omnia
924 3773 1039 3870 potina
1051 3775 1256 3874 empitieut

224 3885 410 3964 conceptus
427 3863 627 3940 immediate
647 3889 710 3966 per
723 3861 858 3946 lehema
870 3867 1016 3973 efficitur
1028 3877 1260 3972 imaginatio·

224 3963 1257 4156 llll?lilliinililiillillliPiliiit*

1117 4105 1127 4150 t
1159 4105 1184 4156 e
1234 4111 1258 4160 e

1154 4205 1263 4266 ΝΜ
