2550 4550
985 308 989 315 ,

21 331 23 486 t
422 354 648 397 --····

21 491 23 602 l
46 518 113 573 eum
134 518 173 571 et
192 520 333 574 omnem
356 518 447 574 extra
468 524 532 575 not
549 500 771 596 existentiam,
796 528 885 607 quae
896 530 968 581 non
981 504 1043 585 nili
1079 554 1082 565 ·

46 622 97 700 pet
109 606 344 697 experientiam
358 621 531 673 externam
546 606 682 701 probari
696 604 820 704 potest,
848 611 881 680 in
897 605 1042 682 dubium
1084 622 1088 633 '

46 722 150 787 treet,
190 696 280 773 lraud
302 707 423 801 aptiori
445 700 553 773 modo
573 698 741 776 conl'utati
760 713 903 807 poterit,
935 732 1042 811 quam
1081 766 1085 775 .

45 799 309 898 lietperientiam
325 799 419 878 illam
432 806 619 892 internam,
645 830 747 903 quarn
764 810 861 880 nobit
876 807 1043 903 coneedit,

46 900 127 975 ltaud
147 899 210 978 eise
231 900 417 1005 pollibilem
441 900 500 977 nist
520 901 581 975 sub
603 902 799 981 conditione
819 914 1063 1011 experientiae·
1088 962 1095 977 ι

45 1027 206 1091 externae,
238 1004 371 1103 ltneque
386 1003 511 1077 sublata
525 1003 614 1078 illam
629 1028 694 1077 rna
710 1006 798 1093 tolli,
824 1008 891 1084 hoc
906 1011 1043 1087 euiden-

21 1163 23 1242 Ι
45 1126 89 1181 ter
108 1130 148 1180 ee
167 1101 235 1211 ipsa
256 1110 408 1183 internae
422 1110 645 1210 experientiae
659 1107 1045 1193 naturndetnonllraue·
1145 1204 1147 1207 ¹

21 1247 23 1320 l
45 1214 389 1382 :sbffkrp-fieffiqqtur,
423 1236 529 1315 quam
548 1208 845 1289 demcnlltandarn
866 1212 1043 1311 lttbetnut,

569 1496 603 1551 a.

22 1579 23 1590 ἵ
46 1605 82 1680 ld
100 1608 200 1705 ipfitrr
218 1608 304 1707 quod
321 1472 602 1697 coincidunt
621 1618 659 1684 ui
672 1612 813 1705 empirice
825 1612 1067 1705 detminata,

109 1728 185 1798 inihi
202 1722 337 1823 constitu
352 1724 440 1821 suat,
471 1725 661 1822 existentiam
682 1726 865 1803 misimur
887 1742 1049 1807 exirm
1209 1822 1217 1839 ·

111 1846 144 1915 in
152 1842 264 1939 spretio
273 1845 404 1941 proici.

74 1994 77 1998 ·
135 1974 334 2054 Exiilentiae
348 2002 446 2053 mene
456 1998 494 2051 rt
509 1979 716 2082 intempore
731 1976 974 2055 determinatae
987 1984 1051 2055 nti·

44 2074 74 2150 lri
95 2076 245 2153 eonsciut
268 2076 351 2154 lum.
402 2078 506 2153 Nulla
526 2104 641 2154 autern
661 2080 899 2157 determinatio
914 2085 950 2153 in
965 2102 1052 2156 tem·

44 2206 121 2281 porc
139 2186 279 2281 cogitari
291 2178 418 2284 potest,
443 2176 502 2254 nili
519 2182 643 2282 aliquid
658 2186 885 2286 perceptionis
901 2205 1052 2286 ponatur
1106 2221 1109 2231 ·

43 2281 236 2358 lubllratum
259 2281 450 2384 persistent,
475 2287 602 2383 inquo
625 2280 1050 2359 solorelationctadtem·
1113 2305 1125 2322 ·’
1202 2359 1207 2372 ,

45 2411 104 2484 put
133 2390 216 2486 poni
239 2381 382 2484 possunt.
438 2379 509 2479 (cs.
530 2383 615 2460 Seii.
641 2411 673 2476 3.
693 2377 884 2487 Apotomet
907 2383 993 2462 adae
1018 2387 1052 2485 §.

47 2483 171 2588 tl'qq.)
187 2549 192 2558 .
221 2490 269 2559 Vt
282 2490 383 2584 igitur
396 2509 454 2558 me
468 2487 576 2584 ipsunt
593 2513 722 2584 ponere
736 2485 855 2590 polstm
868 2489 902 2560 in
917 2507 1056 2588 tempo·

43 2611 93 2678 te,
126 2584 325 2662 substratum
347 2585 483 2690 aliquod
504 2585 679 2688 persllent
697 2591 897 2688 requiritur,
926 2591 1052 2689 inquo

43 2687 228 2764 existentiae
249 2713 347 2764 meae
365 2691 565 2764 relationem
587 2689 638 2776 ad,
652 2712 790 2790 tempor
812 2683 904 2788 quast
929 2691 1052 2775 metiri,
1098 2703 1111 2764 ἰ

43 2789 324 2889 durationemque
361 2797 433 2864 ciut
465 2789 700 2888 comparando
729 2787 887 2886 colligere
920 2787 1054 2888 pollini.
1109 2835 1113 2850 ·
1145 2857 1149 2866 .

42 2891 118 2964 lioc
141 2910 256 2966 eutem
271 2887 363 2990 quod
379 2893 575 2990 quaerimur
590 2883 900 2992 perdurabilenihil
915 2885 978 2963 elle
992 2913 1054 2990 po·
1134 2927 1146 2946 ·

41 2987 98 3062 tell
112 2996 147 3064 in
162 3017 230 3078 me,
246 2995 408 3091 quoniam
422 2986 592 3065 existentia
606 2993 674 3064 mei
688 2993 721 3060 in
736 2993 1055 3088 temporeprimum

43 3115 101 3188 per
119 3091 202 3166 illud
219 3090 465 3167 determinatur
486 3087 555 3164 suc
570 3085 802 3189 cognoscibilia
815 3085 864 3164 fit.
914 3093 1056 3193 Percep·
1089 3149 1110 3180 „t

43 3197 87 3266 tio
99 3199 203 3293 igitur
216 3191 356 3268 huiutec
377 3189 724 3294 pcrslleneiatantum
741 3213 890 3292 petrem
905 3215 984 3266 tere
998 3216 1064 3268 etta
1126 3269 1130 3282 ,

22 3313 91 3385 tra
113 3319 173 3372 me
194 3293 405 3384 existentem,
436 3317 507 3367 non
529 3315 744 3390 perunctam
768 3294 816 3371 rei
833 3313 989 3383 uoerntte
1003 3317 1059 3387 ref

44 3395 345 3493 praesentationem
359 3390 518 3498 possibilia
531 3392 590 3473 eil,
1095 3407 1101 3418 ·

125 3527 340 3609 Ἐιίίὶοηιὶαο
356 3531 457 3632 igitur
470 3551 567 3604 meae
580 3531 616 3602 in
630 3550 789 3632 tempore
804 3525 1065 3622 determinatio,
1142 3561 1146 3570 ·
1177 3561 1180 3570 ·

41 3651 175 3708 tanenm
190 3655 253 3735 per
264 3632 416 3724 realium,
430 3653 518 3734 quae
531 3652 622 3706 extra
636 3655 695 3707 me
710 3633 880 3734 percipio,
902 3626 1054 3707 cassion-

41 3737 122 3821 tiam
140 3730 250 3839 potell
266 3731 524 3837 comprehendi.
573 3727 785 3808 Conscientia
799 3750 933 3824 cutem,
957 3751 1056 3808 meae
1108 3827 1112 3839 Ι

40 3833 141 3954 ipsut
162 3837 223 3958 ’.ἰιι
268 3857 446 3956 tempore
467 3829 728 3954 determinatae¹
754 3829 941 3908 existentlte
981 3855 1055 3908 non
1083 3893 1088 3902 .

43 3929 1057 4206 ldffntddmffioud'dioffitldnddaldldudtfftidutldnqddde
1106 3981 1113 4000 .

126 4175 132 4190 ι
431 4180 435 4187 ·
493 4179 497 4186 -
971 4151 1094 4208 etet·-
