<?xml version="1.0" encoding="UTF-8"?>
<!DOCTYPE html PUBLIC "-//W3C//DTD XHTML 1.0 Transitional//EN"
    "http://www.w3.org/TR/xhtml1/DTD/xhtml1-transitional.dtd">
<html xmlns="http://www.w3.org/1999/xhtml" xml:lang="en" lang="en">
 <head>
  <title>
</title>
<meta http-equiv="Content-Type" content="text/html;charset=utf-8" />
  <meta name='ocr-system' content='tesseract 3.04.00' />
  <meta name='ocr-capabilities' content='ocr_page ocr_carea ocr_par ocr_line ocrx_word'/>
</head>
<body>
  <div class='ocr_page' id='page_1' title='image "./philosophiaecri00schmgoog_0206.png"; bbox 0 0 2550 4550; ppageno 0'>
   <div class='ocr_carea' id='block_1_1' title="bbox 250 334 876 446">
    <p class='ocr_par' dir='ltr' id='par_1_1' title="bbox 250 334 876 446">
     <span class='ocr_line' id='line_1_1' title="bbox 250 334 876 446; baseline -0.002 -9"><span class='ocrx_word' id='word_1_1' title='bbox 250 354 327 437; x_wconf 73' lang='lat' dir='ltr'>rr·</span> <span class='ocrx_word' id='word_1_2' title='bbox 523 334 876 446; x_wconf 58' lang='grc' dir='ltr'>,ΕΞ</span> 
     </span>
    </p>
   </div>
   <div class='ocr_carea' id='block_1_2' title="bbox 147 510 1275 1627">
    <p class='ocr_par' dir='ltr' id='par_1_2' title="bbox 147 510 1275 1627">
     <span class='ocr_line' id='line_1_2' title="bbox 254 510 1264 735; baseline -0.003 -41"><span class='ocrx_word' id='word_1_3' title='bbox 254 541 603 714; x_wconf 60' lang='lat' dir='ltr'>uum</span> <span class='ocrx_word' id='word_1_4' title='bbox 623 515 785 720; x_wconf 63' lang='lat' dir='ltr'>exiti:</span> <span class='ocrx_word' id='word_1_5' title='bbox 814 510 1264 735; x_wconf 62' lang='lat' dir='ltr'>innormen</span> 
     </span>
     <span class='ocr_line' id='line_1_3' title="bbox 256 712 1246 820; baseline -0.007 -24"><span class='ocrx_word' id='word_1_6' title='bbox 256 744 362 820; x_wconf 81' lang='lat' dir='ltr'>atque</span> <span class='ocrx_word' id='word_1_7' title='bbox 387 713 675 819; x_wconf 80' lang='lat' dir='ltr'>eireomseriptem</span> <span class='ocrx_word' id='word_1_8' title='bbox 703 723 854 815; x_wconf 71' lang='lat' dir='ltr'>cogitare</span> <span class='ocrx_word' id='word_1_9' title='bbox 879 714 1021 807; x_wconf 80' lang='lat' dir='ltr'>debeat,</span> <span class='ocrx_word' id='word_1_10' title='bbox 1067 738 1114 791; x_wconf 88' lang='lat' dir='ltr'>tta</span> <span class='ocrx_word' id='word_1_11' title='bbox 1134 736 1173 793; x_wconf 85' lang='lat' dir='ltr'>rt</span> <span class='ocrx_word' id='word_1_12' title='bbox 1194 712 1246 789; x_wconf 79' lang='lat' dir='ltr'>sto</span> 
     </span>
     <span class='ocr_line' id='line_1_4' title="bbox 147 810 1275 925; baseline -0.006 -29"><span class='ocrx_word' id='word_1_13' title='bbox 147 917 151 923; x_wconf 80' lang='lat'>.</span> <span class='ocrx_word' id='word_1_14' title='bbox 256 846 340 925; x_wconf 82' lang='lat' dir='ltr'>para</span> <span class='ocrx_word' id='word_1_15' title='bbox 355 816 424 920; x_wconf 83' lang='lat' dir='ltr'>ipsa</span> <span class='ocrx_word' id='word_1_16' title='bbox 436 819 489 895; x_wconf 85' lang='lat' dir='ltr'>res</span> <span class='ocrx_word' id='word_1_17' title='bbox 503 814 647 920; x_wconf 70' lang='lat' dir='ltr'>spatium</span> <span class='ocrx_word' id='word_1_18' title='bbox 661 816 700 895; x_wconf 85' lang='lat' dir='ltr'>sit</span> <span class='ocrx_word' id='word_1_19' title='bbox 713 818 850 917; x_wconf 79' lang='lat' dir='ltr'>aliquod</span> <span class='ocrx_word' id='word_1_20' title='bbox 866 816 920 893; x_wconf 82' lang='lat' dir='ltr'>vei</span> <span class='ocrx_word' id='word_1_21' title='bbox 932 840 1089 916; x_wconf 81' lang='lat' dir='ltr'>tempor,</span> <span class='ocrx_word' id='word_1_22' title='bbox 1115 810 1211 916; x_wconf 87' lang='lat' dir='ltr'>quoti</span> <span class='ocrx_word' id='word_1_23' title='bbox 1223 819 1275 889; x_wconf 87' lang='lat' dir='ltr'>it-</span> 
     </span>
     <span class='ocr_line' id='line_1_5' title="bbox 256 914 1263 1015; baseline -0.008 -18"><span class='ocrx_word' id='word_1_24' title='bbox 256 944 339 998; x_wconf 88' lang='lat' dir='ltr'>rum</span> <span class='ocrx_word' id='word_1_25' title='bbox 354 918 554 995; x_wconf 71' lang='lat' dir='ltr'>arffloribur</span> <span class='ocrx_word' id='word_1_26' title='bbox 568 918 731 995; x_wconf 73' lang='lat' dir='ltr'>limitibux</span> <span class='ocrx_word' id='word_1_27' title='bbox 745 914 987 1007; x_wconf 90' lang='lat' dir='ltr'>eireumseribi,</span> <span class='ocrx_word' id='word_1_28' title='bbox 1013 922 1034 991; x_wconf 91' lang='lat' dir='ltr'>i.</span> <span class='ocrx_word' id='word_1_29' title='bbox 1048 942 1079 991; x_wconf 87' lang='lat' dir='ltr'>e.</span> <span class='ocrx_word' id='word_1_30' title='bbox 1088 915 1192 989; x_wconf 87' lang='lat' dir='ltr'>diuidi</span> <span class='ocrx_word' id='word_1_31' title='bbox 1207 940 1263 1015; x_wconf 87' lang='lat' dir='ltr'>po</span> 
     </span>
     <span class='ocr_line' id='line_1_6' title="bbox 226 1011 1255 1119; baseline -0.01 -19"><span class='ocrx_word' id='word_1_32' title='bbox 226 1099 230 1107; x_wconf 76' lang='grc'>,</span> <span class='ocrx_word' id='word_1_33' title='bbox 259 1020 312 1101; x_wconf 77' lang='lat' dir='ltr'>sat</span> <span class='ocrx_word' id='word_1_34' title='bbox 336 1014 396 1116; x_wconf 80' lang='lat' dir='ltr'>(ef.</span> <span class='ocrx_word' id='word_1_35' title='bbox 418 1017 507 1095; x_wconf 63' lang='lat' dir='ltr'>nesi</span> <span class='ocrx_word' id='word_1_36' title='bbox 529 1013 843 1109; x_wconf 69' lang='lat' dir='ltr'>transscendentes.)</span> <span class='ocrx_word' id='word_1_37' title='bbox 892 1024 998 1117; x_wconf 77' lang='lat' dir='ltr'>Igitur</span> <span class='ocrx_word' id='word_1_38' title='bbox 1018 1012 1163 1119; x_wconf 87' lang='lat' dir='ltr'>spatium</span> <span class='ocrx_word' id='word_1_39' title='bbox 1178 1040 1198 1091; x_wconf 95' lang='lat' dir='ltr'>e</span> <span class='ocrx_word' id='word_1_40' title='bbox 1211 1011 1255 1118; x_wconf 88' lang='lat' dir='ltr'>sp</span> 
     </span>
     <span class='ocr_line' id='line_1_7' title="bbox 195 1116 1232 1242; baseline -0.007 -43"><span class='ocrx_word' id='word_1_41' title='bbox 195 1145 206 1169; x_wconf 90' lang='lat'><strong>·</strong></span> <span class='ocrx_word' id='word_1_42' title='bbox 259 1128 335 1208; x_wconf 80' lang='lat' dir='ltr'>tiie.</span> <span class='ocrx_word' id='word_1_43' title='bbox 355 1116 922 1242; x_wconf 25' lang='lat' dir='ltr'>eempuretetnporibusneonfisiit.</span> <span class='ocrx_word' id='word_1_44' title='bbox 973 1118 1132 1239; x_wconf 82' lang='lat' dir='ltr'>Concidit</span> <span class='ocrx_word' id='word_1_45' title='bbox 1146 1142 1232 1237; x_wconf 73' lang='lat' dir='ltr'>ergp</span> 
     </span>
     <span class='ocr_line' id='line_1_8' title="bbox 260 1217 1275 1439; baseline -0.007 -39"><span class='ocrx_word' id='word_1_46' title='bbox 260 1217 1275 1439; x_wconf 47' lang='lat' dir='ltr'>{tenentufenntnnlu&amp;nusum</span> 
     </span>
     <span class='ocr_line' id='line_1_9' title="bbox 261 1424 1263 1523; baseline -0.005 -22"><span class='ocrx_word' id='word_1_47' title='bbox 261 1448 397 1510; x_wconf 74' lang='lat' dir='ltr'>noter,</span> <span class='ocrx_word' id='word_1_48' title='bbox 447 1424 497 1499; x_wconf 82' lang='lat' dir='ltr'>see</span> <span class='ocrx_word' id='word_1_49' title='bbox 538 1429 594 1497; x_wconf 83' lang='lat' dir='ltr'>ieie</span> <span class='ocrx_word' id='word_1_50' title='bbox 621 1446 816 1523; x_wconf 74' lang='lat' dir='ltr'>exoptatam</span> <span class='ocrx_word' id='word_1_51' title='bbox 844 1424 1150 1499; x_wconf 87' lang='lat' dir='ltr'>eoneuttendorom</span> <span class='ocrx_word' id='word_1_52' title='bbox 1171 1445 1263 1496; x_wconf 85' lang='lat' dir='ltr'>omn</span> 
     </span>
     <span class='ocr_line' id='line_1_10' title="bbox 215 1520 1275 1627; baseline -0.012 -21"><span class='ocrx_word' id='word_1_53' title='bbox 215 1538 219 1546; x_wconf 84' lang='grc'><em>’</em></span> <span class='ocrx_word' id='word_1_54' title='bbox 262 1521 458 1605; x_wconf 73' lang='lat' dir='ltr'>matheseos</span> <span class='ocrx_word' id='word_1_55' title='bbox 503 1526 793 1599; x_wconf 85' lang='lat' dir='ltr'>undamentoruur</span> <span class='ocrx_word' id='word_1_56' title='bbox 825 1528 1121 1627; x_wconf 76' lang='lat' dir='ltr'>opportunitatem</span> <span class='ocrx_word' id='word_1_57' title='bbox 1151 1520 1275 1597; x_wconf 80' lang='lat' dir='ltr'>dedet</span> 
     </span>
    </p>
   </div>
   <div class='ocr_carea' id='block_1_3' title="bbox 60 1620 1275 1729">
    <p class='ocr_par' dir='ltr' id='par_1_3' title="bbox 60 1620 1275 1729">
     <span class='ocr_line' id='line_1_11' title="bbox 60 1620 1275 1729; baseline -0.011 -20"><span class='ocrx_word' id='word_1_58' title='bbox 60 1675 76 1709; x_wconf 70' lang='grc' dir='ltr'>ι</span> <span class='ocrx_word' id='word_1_59' title='bbox 226 1689 230 1698; x_wconf 85' lang='grc'><em>.</em></span> <span class='ocrx_word' id='word_1_60' title='bbox 265 1632 394 1703; x_wconf 85' lang='lat' dir='ltr'>Omnia</span> <span class='ocrx_word' id='word_1_61' title='bbox 416 1630 508 1700; x_wconf 82' lang='lat' dir='ltr'>eninr</span> <span class='ocrx_word' id='word_1_62' title='bbox 531 1632 687 1725; x_wconf 77' lang='lat' dir='ltr'>inprimit</span> <span class='ocrx_word' id='word_1_63' title='bbox 702 1634 787 1701; x_wconf 80' lang='lat' dir='ltr'>Sexti</span> <span class='ocrx_word' id='word_1_64' title='bbox 803 1630 964 1729; x_wconf 83' lang='lat' dir='ltr'>Enipiriei</span> <span class='ocrx_word' id='word_1_65' title='bbox 980 1620 1139 1701; x_wconf 77' lang='lat' dir='ltr'>aduersus</span> <span class='ocrx_word' id='word_1_66' title='bbox 1153 1622 1275 1699; x_wconf 83' lang='lat' dir='ltr'>Maria</span> 
     </span>
    </p>
   </div>
   <div class='ocr_carea' id='block_1_4' title="bbox 195 1724 1275 2231">
    <p class='ocr_par' dir='ltr' id='par_1_4' title="bbox 195 1724 1275 2231">
     <span class='ocr_line' id='line_1_12' title="bbox 264 1724 1255 1829; baseline -0.005 -24"><span class='ocrx_word' id='word_1_67' title='bbox 264 1734 411 1805; x_wconf 80' lang='lat' dir='ltr'>metieox</span> <span class='ocrx_word' id='word_1_68' title='bbox 422 1724 602 1827; x_wconf 69' lang='lat' dir='ltr'>disputatio</span> <span class='ocrx_word' id='word_1_69' title='bbox 614 1724 722 1820; x_wconf 84' lang='lat' dir='ltr'>(eoos.</span> <span class='ocrx_word' id='word_1_70' title='bbox 737 1732 823 1801; x_wconf 82' lang='lat' dir='ltr'>Sexti</span> <span class='ocrx_word' id='word_1_71' title='bbox 832 1732 960 1819; x_wconf 85' lang='lat' dir='ltr'>Empir.</span> <span class='ocrx_word' id='word_1_72' title='bbox 972 1736 1255 1829; x_wconf 71' lang='grc' dir='ltr'>Λιτιςςησιωιπς</span> 
     </span>
     <span class='ocr_line' id='line_1_13' title="bbox 265 1822 1266 1929; baseline -0.008 -26"><span class='ocrx_word' id='word_1_73' title='bbox 265 1828 527 1925; x_wconf 73' lang='grc' dir='ltr'>Μαθηματικιις</span> <span class='ocrx_word' id='word_1_74' title='bbox 543 1829 597 1901; x_wconf 83' lang='lat' dir='ltr'>sib.</span> <span class='ocrx_word' id='word_1_75' title='bbox 612 1834 670 1905; x_wconf 83' lang='grc' dir='ltr'><strong>ΙΙΙ.</strong></span> <span class='ocrx_word' id='word_1_76' title='bbox 684 1854 768 1929; x_wconf 72' lang='grc' dir='ltr'>προς</span> <span class='ocrx_word' id='word_1_77' title='bbox 782 1822 994 1927; x_wconf 64' lang='lat' dir='ltr'>l&#39;topiiqot)</span> <span class='ocrx_word' id='word_1_78' title='bbox 1008 1828 1127 1901; x_wconf 80' lang='lat' dir='ltr'>exinde</span> <span class='ocrx_word' id='word_1_79' title='bbox 1140 1850 1217 1901; x_wconf 80' lang='lat' dir='ltr'>orte</span> <span class='ocrx_word' id='word_1_80' title='bbox 1232 1828 1266 1897; x_wconf 87' lang='lat' dir='ltr'>es</span> 
     </span>
     <span class='ocr_line' id='line_1_14' title="bbox 266 1922 1269 2029; baseline -0.01 -22"><span class='ocrx_word' id='word_1_81' title='bbox 266 1952 335 2007; x_wconf 86' lang='lat' dir='ltr'>nee</span> <span class='ocrx_word' id='word_1_82' title='bbox 356 1927 415 2002; x_wconf 83' lang='lat' dir='ltr'>nisa</span> <span class='ocrx_word' id='word_1_83' title='bbox 437 1930 559 2003; x_wconf 80' lang='lat' dir='ltr'>reiiiua</span> <span class='ocrx_word' id='word_1_84' title='bbox 583 1926 626 2003; x_wconf 84' lang='lat' dir='ltr'>de</span> <span class='ocrx_word' id='word_1_85' title='bbox 648 1924 754 2029; x_wconf 78' lang='lat' dir='ltr'>{potio</span> <span class='ocrx_word' id='word_1_86' title='bbox 769 1953 804 2003; x_wconf 88' lang='lat' dir='ltr'>et</span> <span class='ocrx_word' id='word_1_87' title='bbox 820 1954 976 2029; x_wconf 88' lang='lat' dir='ltr'>tempore</span> <span class='ocrx_word' id='word_1_88' title='bbox 991 1924 1164 2005; x_wconf 76' lang='lat' dir='ltr'>sentiendo</span> <span class='ocrx_word' id='word_1_89' title='bbox 1181 1922 1269 2001; x_wconf 86' lang='lat' dir='ltr'>reses</span> 
     </span>
     <span class='ocr_line' id='line_1_15' title="bbox 195 2026 1275 2133; baseline -0.002 -30"><span class='ocrx_word' id='word_1_90' title='bbox 195 2068 199 2073; x_wconf 59' lang='lat'>=</span> <span class='ocrx_word' id='word_1_91' title='bbox 267 2026 391 2133; x_wconf 80' lang='lat' dir='ltr'>potest.</span> <span class='ocrx_word' id='word_1_92' title='bbox 440 2036 527 2107; x_wconf 82' lang='lat' dir='ltr'>Sunt</span> <span class='ocrx_word' id='word_1_93' title='bbox 540 2056 657 2107; x_wconf 80' lang='lat' dir='ltr'>autern</span> <span class='ocrx_word' id='word_1_94' title='bbox 673 2056 705 2105; x_wconf 88' lang='lat' dir='ltr'>et</span> <span class='ocrx_word' id='word_1_95' title='bbox 720 2028 845 2129; x_wconf 66' lang='lat' dir='ltr'>puniit</span> <span class='ocrx_word' id='word_1_96' title='bbox 859 2056 894 2105; x_wconf 88' lang='lat' dir='ltr'>et</span> <span class='ocrx_word' id='word_1_97' title='bbox 906 2054 1082 2104; x_wconf 88' lang='lat' dir='ltr'>momenta</span> <span class='ocrx_word' id='word_1_98' title='bbox 1097 2055 1167 2101; x_wconf 89' lang='lat' dir='ltr'>non</span> <span class='ocrx_word' id='word_1_99' title='bbox 1177 2052 1275 2129; x_wconf 85' lang='lat' dir='ltr'>part</span> 
     </span>
     <span class='ocr_line' id='line_1_16' title="bbox 266 2126 1267 2231; baseline -0.005 -27"><span class='ocrx_word' id='word_1_100' title='bbox 266 2128 440 2231; x_wconf 80' lang='lat' dir='ltr'>quaedam</span> <span class='ocrx_word' id='word_1_101' title='bbox 454 2129 688 2207; x_wconf 77' lang='lat' dir='ltr'>constitutione</span> <span class='ocrx_word' id='word_1_102' title='bbox 704 2126 796 2231; x_wconf 62' lang='lat' dir='ltr'>sp‘ttii</span> <span class='ocrx_word' id='word_1_103' title='bbox 815 2130 865 2205; x_wconf 86' lang='lat' dir='ltr'>rei</span> <span class='ocrx_word' id='word_1_104' title='bbox 880 2136 1065 2230; x_wconf 81' lang='lat' dir='ltr'>temporis,</span> <span class='ocrx_word' id='word_1_105' title='bbox 1091 2126 1144 2205; x_wconf 81' lang='lat' dir='ltr'>sets</span> <span class='ocrx_word' id='word_1_106' title='bbox 1154 2135 1267 2205; x_wconf 81' lang='lat' dir='ltr'>tenuia</span> 
     </span>
    </p>
   </div>
   <div class='ocr_carea' id='block_1_5' title="bbox 64 2226 1270 2344">
    <p class='ocr_par' dir='ltr' id='par_1_5' title="bbox 64 2226 1270 2344">
     <span class='ocr_line' id='line_1_17' title="bbox 64 2226 1270 2344; baseline -0.001 -37"><span class='ocrx_word' id='word_1_107' title='bbox 64 2323 69 2344; x_wconf 33' lang='lat'>⁸</span> <span class='ocrx_word' id='word_1_108' title='bbox 210 2304 212 2307; x_wconf 83' lang='lat'>.</span> <span class='ocrx_word' id='word_1_109' title='bbox 268 2226 423 2335; x_wconf 89' lang='lat' dir='ltr'>ipsorum</span> <span class='ocrx_word' id='word_1_110' title='bbox 440 2228 494 2308; x_wconf 86' lang='lat' dir='ltr'>seu</span> <span class='ocrx_word' id='word_1_111' title='bbox 509 2234 577 2306; x_wconf 84' lang='lat' dir='ltr'>som</span> <span class='ocrx_word' id='word_1_112' title='bbox 594 2236 793 2310; x_wconf 75' lang='lat' dir='ltr'>limitationis</span> <span class='ocrx_word' id='word_1_113' title='bbox 808 2232 850 2306; x_wconf 85' lang='lat' dir='ltr'>ab</span> <span class='ocrx_word' id='word_1_114' title='bbox 865 2235 1106 2332; x_wconf 74' lang='lat' dir='ltr'>imaginatione</span> <span class='ocrx_word' id='word_1_115' title='bbox 1120 2228 1270 2334; x_wconf 67' lang='lat' dir='ltr'>prorius}</span> 
     </span>
    </p>
   </div>
   <div class='ocr_carea' id='block_1_6' title="bbox 268 2329 1271 2637">
    <p class='ocr_par' dir='ltr' id='par_1_6' title="bbox 268 2329 1271 2637">
     <span class='ocr_line' id='line_1_18' title="bbox 269 2329 1271 2434; baseline -0.005 -25"><span class='ocrx_word' id='word_1_116' title='bbox 269 2359 315 2409; x_wconf 83' lang='lat' dir='ltr'>ua</span> <span class='ocrx_word' id='word_1_117' title='bbox 334 2333 491 2410; x_wconf 82' lang='lat' dir='ltr'>instituta.</span> <span class='ocrx_word' id='word_1_118' title='bbox 541 2339 633 2408; x_wconf 84' lang='lat' dir='ltr'>Loca</span> <span class='ocrx_word' id='word_1_119' title='bbox 654 2359 767 2409; x_wconf 82' lang='lat' dir='ltr'>autem</span> <span class='ocrx_word' id='word_1_120' title='bbox 786 2331 1010 2423; x_wconf 69' lang='lat' dir='ltr'>limitationis,</span> <span class='ocrx_word' id='word_1_121' title='bbox 1037 2329 1121 2408; x_wconf 78' lang='lat' dir='ltr'>fines</span> <span class='ocrx_word' id='word_1_122' title='bbox 1136 2329 1271 2434; x_wconf 77' lang='lat' dir='ltr'>phaen-</span> 
     </span>
     <span class='ocr_line' id='line_1_19' title="bbox 268 2431 1255 2536; baseline -0.003 -26"><span class='ocrx_word' id='word_1_123' title='bbox 268 2459 457 2510; x_wconf 86' lang='lat' dir='ltr'>xnenorum</span> <span class='ocrx_word' id='word_1_124' title='bbox 479 2435 731 2522; x_wconf 77' lang='lat' dir='ltr'>constituentia,</span> <span class='ocrx_word' id='word_1_125' title='bbox 771 2438 837 2508; x_wconf 83' lang='lat' dir='ltr'>iant</span> <span class='ocrx_word' id='word_1_126' title='bbox 859 2431 982 2536; x_wconf 77' lang='lat' dir='ltr'>ipsum,</span> <span class='ocrx_word' id='word_1_127' title='bbox 1022 2459 1127 2535; x_wconf 85' lang='lat' dir='ltr'>quoin</span> <span class='ocrx_word' id='word_1_128' title='bbox 1150 2437 1255 2507; x_wconf 88' lang='lat' dir='ltr'>eireua</span> 
     </span>
     <span class='ocr_line' id='line_1_20' title="bbox 268 2531 1266 2637; baseline -0.004 -27"><span class='ocrx_word' id='word_1_129' title='bbox 268 2531 414 2610; x_wconf 82' lang='lat' dir='ltr'>seribere</span> <span class='ocrx_word' id='word_1_130' title='bbox 428 2538 621 2630; x_wconf 76' lang='lat' dir='ltr'>cogitantur</span> <span class='ocrx_word' id='word_1_131' title='bbox 634 2540 871 2625; x_wconf 86' lang='lat' dir='ltr'>intuitionem,</span> <span class='ocrx_word' id='word_1_132' title='bbox 899 2561 934 2610; x_wconf 87' lang='grc' dir='ltr'>ιι</span> <span class='ocrx_word' id='word_1_133' title='bbox 954 2533 1067 2610; x_wconf 82' lang='lat' dir='ltr'>derant</span> <span class='ocrx_word' id='word_1_134' title='bbox 1084 2532 1266 2637; x_wconf 88' lang='lat' dir='ltr'>supponun</span> 
     </span>
    </p>
   </div>
   <div class='ocr_carea' id='block_1_7' title="bbox 115 2633 1253 2738">
    <p class='ocr_par' dir='ltr' id='par_1_7' title="bbox 115 2633 1253 2738">
     <span class='ocr_line' id='line_1_21' title="bbox 115 2633 1253 2738; baseline -0.005 -26"><span class='ocrx_word' id='word_1_135' title='bbox 115 2718 121 2732; x_wconf 60' lang='grc'><em>,</em></span> <span class='ocrx_word' id='word_1_136' title='bbox 269 2661 337 2712; x_wconf 87' lang='lat' dir='ltr'>nee</span> <span class='ocrx_word' id='word_1_137' title='bbox 351 2664 389 2710; x_wconf 85' lang='lat' dir='ltr'>ex</span> <span class='ocrx_word' id='word_1_138' title='bbox 404 2636 486 2711; x_wconf 86' lang='lat' dir='ltr'>socia</span> <span class='ocrx_word' id='word_1_139' title='bbox 500 2633 704 2738; x_wconf 80' lang='lat' dir='ltr'>fittipsteibus</span> <span class='ocrx_word' id='word_1_140' title='bbox 726 2635 830 2710; x_wconf 83' lang='lat' dir='ltr'>visum</span> <span class='ocrx_word' id='word_1_141' title='bbox 845 2661 907 2709; x_wconf 90' lang='lat' dir='ltr'>nec</span> <span class='ocrx_word' id='word_1_142' title='bbox 922 2633 1063 2734; x_wconf 76' lang='lat' dir='ltr'>spatium</span> <span class='ocrx_word' id='word_1_143' title='bbox 1080 2663 1142 2711; x_wconf 88' lang='lat' dir='ltr'>nee</span> <span class='ocrx_word' id='word_1_144' title='bbox 1156 2661 1253 2737; x_wconf 90' lang='lat' dir='ltr'>temp</span> 
     </span>
    </p>
   </div>
   <div class='ocr_carea' id='block_1_8' title="bbox 272 2735 1275 2948">
    <p class='ocr_par' dir='ltr' id='par_1_8' title="bbox 272 2735 1275 2948">
     <span class='ocr_line' id='line_1_22' title="bbox 272 2735 1275 2838; baseline -0.002 -26"><span class='ocrx_word' id='word_1_145' title='bbox 272 2743 439 2838; x_wconf 88' lang='lat' dir='ltr'>eomponi</span> <span class='ocrx_word' id='word_1_146' title='bbox 461 2737 582 2836; x_wconf 80' lang='lat' dir='ltr'>potest.</span> <span class='ocrx_word' id='word_1_147' title='bbox 634 2743 762 2811; x_wconf 75' lang='lat' dir='ltr'>Omnia</span> <span class='ocrx_word' id='word_1_148' title='bbox 785 2741 886 2835; x_wconf 83' lang='lat' dir='ltr'>igitur</span> <span class='ocrx_word' id='word_1_149' title='bbox 908 2735 1168 2837; x_wconf 74' lang='lat' dir='ltr'>phaenomena,</span> <span class='ocrx_word' id='word_1_150' title='bbox 1194 2762 1275 2838; x_wconf 83' lang='lat' dir='ltr'>qua</span> 
     </span>
     <span class='ocr_line' id='line_1_23' title="bbox 272 2833 1265 2948; baseline 0 -36"><span class='ocrx_word' id='word_1_151' title='bbox 272 2836 389 2940; x_wconf 86' lang='lat' dir='ltr'>quoad</span> <span class='ocrx_word' id='word_1_152' title='bbox 410 2843 627 2912; x_wconf 84' lang='lat' dir='ltr'>intuitionem</span> <span class='ocrx_word' id='word_1_153' title='bbox 649 2845 684 2910; x_wconf 93' lang='lat' dir='ltr'>in</span> <span class='ocrx_word' id='word_1_154' title='bbox 705 2833 828 2940; x_wconf 78' lang='lat' dir='ltr'>sperio,</span> <span class='ocrx_word' id='word_1_155' title='bbox 869 2835 1052 2936; x_wconf 76' lang='lat' dir='ltr'>extensior,</span> <span class='ocrx_word' id='word_1_156' title='bbox 1086 2835 1199 2948; x_wconf 63' lang='lat' dir='ltr'>quood</span> <span class='ocrx_word' id='word_1_157' title='bbox 1221 2863 1265 2936; x_wconf 91' lang='lat' dir='ltr'>pe</span> 
     </span>
    </p>
   </div>
   <div class='ocr_carea' id='block_1_9' title="bbox 142 2936 1265 3039">
    <p class='ocr_par' dir='ltr' id='par_1_9' title="bbox 142 2936 1265 3039">
     <span class='ocr_line' id='line_1_24' title="bbox 142 2936 1265 3039; baseline -0.004 -25"><span class='ocrx_word' id='word_1_158' title='bbox 142 3002 147 3014; x_wconf 88' lang='lat'><em>.</em></span> <span class='ocrx_word' id='word_1_159' title='bbox 178 3027 183 3038; x_wconf 41' lang='lat'>‚</span> <span class='ocrx_word' id='word_1_160' title='bbox 273 2944 470 3038; x_wconf 81' lang='lat' dir='ltr'>ceptionem</span> <span class='ocrx_word' id='word_1_161' title='bbox 494 2944 701 3039; x_wconf 88' lang='lat' dir='ltr'>intempore</span> <span class='ocrx_word' id='word_1_162' title='bbox 716 2943 753 3032; x_wconf 89' lang='grc' dir='ltr'>(ι’.</span> <span class='ocrx_word' id='word_1_163' title='bbox 770 2963 798 3012; x_wconf 89' lang='lat' dir='ltr'>e.</span> <span class='ocrx_word' id='word_1_164' title='bbox 814 2936 1032 3012; x_wconf 73' lang='lat' dir='ltr'>sensationem</span> <span class='ocrx_word' id='word_1_165' title='bbox 1046 2943 1079 3011; x_wconf 89' lang='lat' dir='ltr'>in</span> <span class='ocrx_word' id='word_1_166' title='bbox 1095 2943 1265 3014; x_wconf 83' lang='lat' dir='ltr'>conicient</span> 
     </span>
    </p>
   </div>
   <div class='ocr_carea' id='block_1_10' title="bbox 185 3035 1275 4150">
    <p class='ocr_par' dir='ltr' id='par_1_10' title="bbox 274 3035 1267 3143">
     <span class='ocr_line' id='line_1_25' title="bbox 274 3035 1267 3143; baseline -0.007 -25"><span class='ocrx_word' id='word_1_167' title='bbox 274 3045 438 3143; x_wconf 83' lang='lat' dir='ltr'>empirica</span> <span class='ocrx_word' id='word_1_168' title='bbox 464 3036 728 3140; x_wconf 78' lang='lat' dir='ltr'>apprehensam)</span> <span class='ocrx_word' id='word_1_169' title='bbox 756 3037 920 3118; x_wconf 81' lang='lat' dir='ltr'>intenfiue</span> <span class='ocrx_word' id='word_1_170' title='bbox 959 3035 1022 3116; x_wconf 84' lang='lat' dir='ltr'>eise</span> <span class='ocrx_word' id='word_1_171' title='bbox 1061 3041 1267 3116; x_wconf 86' lang='lat' dir='ltr'>iiitelieximu</span> 
     </span>
    </p>

    <p class='ocr_par' dir='ltr' id='par_1_11' title="bbox 185 3137 1275 4150">
     <span class='ocr_line' id='line_1_26' title="bbox 239 3137 1275 3245; baseline 0.006 -37"><span class='ocrx_word' id='word_1_172' title='bbox 239 3200 243 3208; x_wconf 87' lang='lat'><em>.</em></span> <span class='ocrx_word' id='word_1_173' title='bbox 274 3164 405 3243; x_wconf 83' lang='lat' dir='ltr'>quanta</span> <span class='ocrx_word' id='word_1_174' title='bbox 427 3137 491 3213; x_wconf 82' lang='lat' dir='ltr'>eise</span> <span class='ocrx_word' id='word_1_175' title='bbox 512 3148 672 3216; x_wconf 86' lang='lat' dir='ltr'>continua</span> <span class='ocrx_word' id='word_1_176' title='bbox 687 3165 799 3244; x_wconf 85' lang='lat' dir='ltr'>patea;</span> <span class='ocrx_word' id='word_1_177' title='bbox 824 3166 932 3244; x_wconf 88' lang='lat' dir='ltr'>quom</span> <span class='ocrx_word' id='word_1_178' title='bbox 948 3147 1040 3216; x_wconf 90' lang='lat' dir='ltr'>enim</span> <span class='ocrx_word' id='word_1_179' title='bbox 1055 3165 1091 3216; x_wconf 86' lang='lat' dir='ltr'>ee</span> <span class='ocrx_word' id='word_1_180' title='bbox 1104 3137 1249 3245; x_wconf 89' lang='lat' dir='ltr'>spatium</span> <span class='ocrx_word' id='word_1_181' title='bbox 1271 3188 1275 3197; x_wconf 90' lang='lat'>·</span> 
     </span>
     <span class='ocr_line' id='line_1_27' title="bbox 201 3239 1275 3344; baseline 0 -28"><span class='ocrx_word' id='word_1_182' title='bbox 201 3280 206 3290; x_wconf 91' lang='lat'>·</span> <span class='ocrx_word' id='word_1_183' title='bbox 275 3265 418 3342; x_wconf 80' lang='lat' dir='ltr'>tempus</span> <span class='ocrx_word' id='word_1_184' title='bbox 440 3247 603 3315; x_wconf 84' lang='lat' dir='ltr'>continua</span> <span class='ocrx_word' id='word_1_185' title='bbox 622 3241 704 3335; x_wconf 83' lang='lat' dir='ltr'>sant,</span> <span class='ocrx_word' id='word_1_186' title='bbox 729 3242 762 3316; x_wconf 91' lang='lat' dir='ltr'>id</span> <span class='ocrx_word' id='word_1_187' title='bbox 784 3241 878 3342; x_wconf 88' lang='lat' dir='ltr'>quod</span> <span class='ocrx_word' id='word_1_188' title='bbox 900 3267 972 3318; x_wconf 95' lang='lat' dir='ltr'>non</span> <span class='ocrx_word' id='word_1_189' title='bbox 995 3239 1053 3317; x_wconf 87' lang='lat' dir='ltr'>nisi</span> <span class='ocrx_word' id='word_1_190' title='bbox 1078 3248 1113 3316; x_wconf 93' lang='lat' dir='ltr'>in</span> <span class='ocrx_word' id='word_1_191' title='bbox 1136 3241 1242 3344; x_wconf 86' lang='lat' dir='ltr'>spatio</span> <span class='ocrx_word' id='word_1_192' title='bbox 1270 3280 1275 3299; x_wconf 59' lang='lat'>2</span> 
     </span>
     <span class='ocr_line' id='line_1_28' title="bbox 276 3337 1266 3443; baseline -0.004 -25"><span class='ocrx_word' id='word_1_193' title='bbox 276 3365 437 3441; x_wconf 81' lang='lat' dir='ltr'>tempore</span> <span class='ocrx_word' id='word_1_194' title='bbox 459 3341 607 3416; x_wconf 78' lang='lat' dir='ltr'>exhiberi</span> <span class='ocrx_word' id='word_1_195' title='bbox 621 3340 751 3442; x_wconf 84' lang='lat' dir='ltr'>potest,</span> <span class='ocrx_word' id='word_1_196' title='bbox 773 3349 936 3443; x_wconf 83' lang='lat' dir='ltr'>cuiusque</span> <span class='ocrx_word' id='word_1_197' title='bbox 952 3348 1084 3418; x_wconf 91' lang='lat' dir='ltr'>intuitio</span> <span class='ocrx_word' id='word_1_198' title='bbox 1101 3371 1160 3442; x_wconf 85' lang='lat' dir='ltr'>per</span> <span class='ocrx_word' id='word_1_199' title='bbox 1176 3370 1215 3418; x_wconf 86' lang='lat' dir='ltr'>ea</span> <span class='ocrx_word' id='word_1_200' title='bbox 1230 3337 1266 3414; x_wconf 91' lang='lat' dir='ltr'>so</span> 
     </span>
     <span class='ocr_line' id='line_1_29' title="bbox 278 3439 1258 3541; baseline -0.002 -23"><span class='ocrx_word' id='word_1_201' title='bbox 278 3439 320 3518; x_wconf 82' lang='lat' dir='ltr'>fit</span> <span class='ocrx_word' id='word_1_202' title='bbox 342 3440 517 3541; x_wconf 81' lang='lat' dir='ltr'>possibilis,</span> <span class='ocrx_word' id='word_1_203' title='bbox 543 3449 744 3515; x_wconf 89' lang='lat' dir='ltr'>continuum</span> <span class='ocrx_word' id='word_1_204' title='bbox 767 3468 804 3518; x_wconf 85' lang='lat' dir='ltr'>vt</span> <span class='ocrx_word' id='word_1_205' title='bbox 826 3440 864 3517; x_wconf 79' lang='lat' dir='ltr'>iit</span> <span class='ocrx_word' id='word_1_206' title='bbox 892 3440 1045 3517; x_wconf 82' lang='lat' dir='ltr'>eflicitur.</span> <span class='ocrx_word' id='word_1_207' title='bbox 1095 3440 1258 3518; x_wconf 80' lang='lat' dir='ltr'>Caueattiu</span> 
     </span>
     <span class='ocr_line' id='line_1_30' title="bbox 278 3541 1254 3646; baseline -0.003 -28"><span class='ocrx_word' id='word_1_208' title='bbox 278 3565 397 3618; x_wconf 75' lang='lat' dir='ltr'>eutem</span> <span class='ocrx_word' id='word_1_209' title='bbox 421 3541 485 3630; x_wconf 81' lang='lat' dir='ltr'>esi,</span> <span class='ocrx_word' id='word_1_210' title='bbox 537 3568 581 3617; x_wconf 91' lang='lat' dir='ltr'>ne</span> <span class='ocrx_word' id='word_1_211' title='bbox 603 3568 770 3640; x_wconf 81' lang='lat' dir='ltr'>quantum</span> <span class='ocrx_word' id='word_1_212' title='bbox 800 3541 937 3646; x_wconf 84' lang='lat' dir='ltr'>stinpsex</span> <span class='ocrx_word' id='word_1_213' title='bbox 959 3551 1055 3618; x_wconf 86' lang='lat' dir='ltr'>vniur</span> <span class='ocrx_word' id='word_1_214' title='bbox 1079 3544 1254 3644; x_wconf 81' lang='lat' dir='ltr'>eiusdemq</span> 
     </span>
     <span class='ocr_line' id='line_1_31' title="bbox 279 3639 1261 3744; baseline 0.002 -30"><span class='ocrx_word' id='word_1_215' title='bbox 279 3639 513 3744; x_wconf 88' lang='lat' dir='ltr'>phaenomeni</span> <span class='ocrx_word' id='word_1_216' title='bbox 542 3666 621 3715; x_wconf 84' lang='lat' dir='ltr'>euni</span> <span class='ocrx_word' id='word_1_217' title='bbox 651 3666 833 3740; x_wconf 75' lang='lat' dir='ltr'>aggregato</span> <span class='ocrx_word' id='word_1_218' title='bbox 860 3639 1051 3718; x_wconf 81' lang='lat' dir='ltr'>confundas</span> <span class='ocrx_word' id='word_1_219' title='bbox 1074 3669 1261 3744; x_wconf 74' lang='lat' dir='ltr'>quantum</span> 
     </span>
     <span class='ocr_line' id='line_1_32' title="bbox 185 3741 1261 3847; baseline -0.001 -30"><span class='ocrx_word' id='word_1_220' title='bbox 185 3760 191 3773; x_wconf 90' lang='lat'><em>&#39;</em></span> <span class='ocrx_word' id='word_1_221' title='bbox 279 3743 522 3842; x_wconf 78' lang='lat' dir='ltr'>complurium.</span> <span class='ocrx_word' id='word_1_222' title='bbox 574 3743 723 3842; x_wconf 77' lang='lat' dir='ltr'>Qaaaodo</span> <span class='ocrx_word' id='word_1_223' title='bbox 750 3749 842 3816; x_wconf 90' lang='lat' dir='ltr'>enim</span> <span class='ocrx_word' id='word_1_224' title='bbox 871 3741 1034 3843; x_wconf 76' lang='lat' dir='ltr'>synthesis</span> <span class='ocrx_word' id='word_1_225' title='bbox 1061 3744 1261 3847; x_wconf 78' lang='lat' dir='ltr'>multiplicia</span> 
     </span>
     <span class='ocr_line' id='line_1_33' title="bbox 279 3839 1259 3944; baseline -0.001 -28"><span class='ocrx_word' id='word_1_226' title='bbox 279 3846 472 3942; x_wconf 89' lang='lat' dir='ltr'>interrupta</span> <span class='ocrx_word' id='word_1_227' title='bbox 494 3839 557 3932; x_wconf 83' lang='lat' dir='ltr'>est,</span> <span class='ocrx_word' id='word_1_228' title='bbox 597 3867 637 3916; x_wconf 84' lang='lat' dir='ltr'>ae</span> <span class='ocrx_word' id='word_1_229' title='bbox 660 3839 775 3918; x_wconf 89' lang='lat' dir='ltr'>denuo</span> <span class='ocrx_word' id='word_1_230' title='bbox 797 3848 978 3944; x_wconf 85' lang='lat' dir='ltr'>repetitur,</span> <span class='ocrx_word' id='word_1_231' title='bbox 1010 3867 1092 3920; x_wconf 85' lang='lat' dir='ltr'>tune</span> <span class='ocrx_word' id='word_1_232' title='bbox 1111 3871 1184 3920; x_wconf 91' lang='lat' dir='ltr'>non</span> <span class='ocrx_word' id='word_1_233' title='bbox 1205 3850 1259 3920; x_wconf 83' lang='lat' dir='ltr'>vni</span> 
     </span>
     <span class='ocr_line' id='line_1_34' title="bbox 279 3941 1270 4046; baseline 0.001 -28"><span class='ocrx_word' id='word_1_234' title='bbox 279 3943 504 4040; x_wconf 76' lang='lat' dir='ltr'>eiusdemque</span> <span class='ocrx_word' id='word_1_235' title='bbox 525 3947 643 4044; x_wconf 81' lang='lat' dir='ltr'>quenti</span> <span class='ocrx_word' id='word_1_236' title='bbox 659 3947 857 4042; x_wconf 87' lang='lat' dir='ltr'>exprimitur</span> <span class='ocrx_word' id='word_1_237' title='bbox 870 3949 1091 4038; x_wconf 73' lang='lat' dir='ltr'>continuitas,</span> <span class='ocrx_word' id='word_1_238' title='bbox 1117 3941 1173 4022; x_wconf 87' lang='lat' dir='ltr'>sed</span> <span class='ocrx_word' id='word_1_239' title='bbox 1188 3970 1270 4046; x_wconf 76' lang='lat' dir='ltr'>agge</span> 
     </span>
     <span class='ocr_line' id='line_1_35' title="bbox 280 4041 1275 4150; baseline 0.001 -34"><span class='ocrx_word' id='word_1_240' title='bbox 280 4065 403 4144; x_wconf 75' lang='lat' dir='ltr'>gattam</span> <span class='ocrx_word' id='word_1_241' title='bbox 417 4041 521 4122; x_wconf 75' lang='lat' dir='ltr'>exiliit</span> <span class='ocrx_word' id='word_1_242' title='bbox 534 4044 863 4147; x_wconf 83' lang='lat' dir='ltr'>pitaenottteoorum</span> <span class='ocrx_word' id='word_1_243' title='bbox 878 4047 1127 4150; x_wconf 83' lang='lat' dir='ltr'>complurium,</span> <span class='ocrx_word' id='word_1_244' title='bbox 1154 4070 1275 4150; x_wconf 85' lang='lat' dir='ltr'>quoru</span> 
     </span>
    </p>
   </div>
   <div class='ocr_carea' id='block_1_11' title="bbox 1181 4161 1268 4250">
    <p class='ocr_par' dir='ltr' id='par_1_12' title="bbox 1181 4161 1268 4250">
     <span class='ocr_line' id='line_1_36' title="bbox 1181 4161 1268 4250; baseline 0 -27"><span class='ocrx_word' id='word_1_245' title='bbox 1181 4161 1184 4166; x_wconf 72' lang='grc'>“</span> <span class='ocrx_word' id='word_1_246' title='bbox 1198 4170 1268 4250; x_wconf 82' lang='lat' dir='ltr'>quo</span> 
     </span>
    </p>
   </div>
   <div class='ocr_carea' id='block_1_12' title="bbox 0 0 1312 4550">
    <p class='ocr_par' dir='ltr' id='par_1_13' title="bbox 0 0 1312 4550">
     <span class='ocr_line' id='line_1_37' title="bbox 0 0 1312 4550; baseline 0 0"><span class='ocrx_word' id='word_1_247' title='bbox 0 0 1312 4550; x_wconf 95' lang='lat' dir='ltr'> </span> 
     </span>
    </p>
   </div>
  </div>
 </body>
</html>
