2550 4550
428 331 654 390 a
730 399 737 417 „

71 507 231 586 ditionum
251 533 315 614 per
332 504 512 589 l'einlinita
531 511 590 606 stt,
620 539 666 592 ne
677 535 827 618 mquam
848 515 1073 616 experientiae

72 609 159 686 filum
186 637 391 715 perpetuum
422 613 662 716 abrumpatur,
709 613 867 719 quamuis
889 613 959 690 dari
980 635 1074 690 extra
1157 617 1162 636 ’

72 711 384 816 phaenomenorum
399 717 614 818 complexum
630 715 832 792 eorumdem
848 718 1011 818 prin'eipia
1025 719 1075 788 in·
1182 783 1185 790 .

72 814 244 914 telligibilia
264 813 474 909 (libertatem
491 841 526 892 et
539 843 599 892 ent
613 815 853 912 netellatium)
873 841 945 890 nnn
963 819 1093 890 renui·.

72 943 161 992 mut:
187 915 370 991 idruntum
391 917 630 1018 prohibentes,
656 945 699 995 ne
714 919 798 994 lrate
811 915 1025 1020 intelligibilia
1040 921 1077 991 in

73 1043 192 1093 nerum
221 1015 404 1091 eauil'arum
428 1020 630 1094 naturalium
652 1019 921 1098 introducantur.
973 1013 1080 1120 Quod
1135 1053 1153 1086 ·.

72 1116 213 1219 denique
227 1117 269 1194 ad
283 1117 510 1220 theologicam
525 1121 634 1196 ideam
652 1130 817 1221 pertinet,
839 1118 1081 1196 ita-ieeundum

72 1221 158 1296 ltane
180 1217 378 1295 instituenda
399 1220 446 1296 est
467 1227 687 1322 experientia,
719 1225 805 1324 qunpi
824 1227 957 1310 omnia,
992 1241 1081 1319 quae

73 1327 107 1396 in
120 1327 357 1494 experientiapn
376 1321 523 1396 nolltam
538 1321 673 1442 poll'upt
688 1327 851 1496 irpcidere,
877 1322 919 1442 ad
934 1317 1085 1439 absolute

72 1443 1086 1624 illinis,liliiiiiiillifrl‘iliiiii

73 1622 285 1724 intelligibili,
319 1645 409 1698 extra
429 1624 583 1699 eiuadenr
605 1625 822 1730 complexum
844 1622 972 1728 polito,
998 1617 1087 1697 lum·

60 1751 134 1805 ,rno
148 1749 183 1800 et
195 1730 230 1799 in
245 1719 277 1802 le
293 1723 473 1816 eunllantl,
506 1724 670 1825 pendeat:
710 1733 745 1802 in
759 1753 829 1829 quo
844 1723 983 1827 quidem
997 1728 1088 1825 prin·

74 1832 163 1927 eipio
184 1822 353 1900 summanr
374 1826 545 1926 rebusque
565 1827 788 1928 procreandis·
797 1825 955 1904 idoneam
971 1821 1091 1899 intelli·

75 1933 225 2029 gentiam
247 1932 449 2028 rogitantes,
461 1948 466 1959 ’
480 1933 527 2002 ita
547 1927 680 2004 obieeta
695 1933 854 2032 empirice
869 1927 947 2003 duta
959 1945 1092 2000 return·

75 2023 294 2130 que-‘canliat
313 2051 348 2102 et
368 2017 507 2104 effeilut
529 2033 619 2104 inter
637 2025 671 2106 le
690 2027 892 2106 eonneflete
920 2027 1090 2112 iubemur,
1246 2027 1247 2032 ’

77 2126 270 2230 qualibaee
284 2135 401 2204 omnia
413 2126 597 2204 seeundum
611 2127 696 2206 finer
713 2126 879 2232 aptilfime
892 2126 1093 2204 constitutor

77 2232 121 2306 ab
142 2227 211 2306 hoe
232 2232 346 2307 omnia
360 2235 499 2307 tanonir
518 2253 710 2337 prototypo
723 2255 841 2309 ortum
856 2235 1094 2333 originemque

76 2328 254 2408 traxissent.
683 2368 712 2385 ·-
875 2376 880 2388 ·

183 2462 317 2570 Qtibur
332 2462 355 2539 i
370 2467 542 2568 principii!
556 2468 760 2570 experientia
773 2468 920 2567 regitur,
930 2470 933 2477 '
945 2460 1096 2563 cognitio

78 2590 243 2670 augetur,
265 2590 299 2643 et
310 2566 353 2642 ad
368 2592 568 2645 eonrertum
582 2592 778 2672 nexumque
792 2565 1033 2673 harmonicum
1047 2584 1098 2639 re·
1205 2605 1211 2617 ·

77 2693 242 2763 rotatur3
262 2692 346 2747 tune
359 2667 451 2746 lrautl
465 2668 611 2775 ampliut
623 2667 777 2749 dubitare
792 2672 999 2772 poterintut,
1014 2660 1100 2769 quin
1175 2742 1177 2745 ,

77 2776 170 2846 ratio
185 2768 269 2845 haee
283 2773 497 2871 principiave
510 2792 651 2845 normae
664 2765 861 2869 lubielliuat
870 2763 959 2867 sequi
968 2763 1101 2863 debeat,
1129 2816 1132 2826 ·
1205 2808 1207 2813 ·

78 2868 446 2975 quibutetluaadest,
472 2874 630 2972 quamuit
650 2868 978 2960 non'eonl'titutiua,
1002 2870 1103 2947 atle-

79 2970 234 3076 gulatiua
247 2990 364 3048 umen
377 2969 520 3051 realitae.
1075 2972 1078 2979 '

73 3253 352 3380 Demittendum
363 3270 407 3375 est
418 3272 747 3381 interjitppopiiionent
762 3266 937 3375 obsttluinm
948 3282 980 3349 ti
993 3268 1108 3377 teleli-

165 3416 250 3473 uanr.
297 3394 447 3485 litatum
466 3364 793 3493 iruntsrrndenlaliuln
801 3384 1042 3513 steppoplfiotll
1059 3414 1109 3469 re·

168 3503 272 3589 brim
289 3515 335 3587 erl
348 3511 679 3619 mundumsmsbt'lem.
775 3552 776 3555 ¹
943 3561 945 3569 ·

193 3655 330 3738 Subtilit
350 3644 490 3763 quidem
508 3660 677 3738 eiurmutli
691 3656 858 3741 dillinl'lio
870 3610 978 3737 nirleri
993 3652 1112 3768 pollet,

88 3778 129 3837 ee
143 3752 417 3841 scholasticarum
437 3759 552 3866 sapere
564 3768 722 3867 argutiae
772 3768 904 3841 Verum
917 3760 960 3839 ad
975 3784 1049 3839 rent
1065 3754 1111 3838 fa·

88 3866 161 3953 eir,
186 3884 250 3939 nee
263 3858 391 3941 offendi
403 3861 569 3954 debemur
583 3865 704 3943 emelia
719 3861 1115 3965 afflrnatonbmeteon·

89 3956 1119 4168 ittunturnutttltnuttttltl

94 4182 100 4191 .
162 4171 220 4209 „,
1055 4176 1118 4231 ,Ν
