2550 4550
455 254 682 330 ἓξὲξ
996 276 1072 353 ssr
1114 238 1172 330 ·'

71 438 254 523 liaee'fldea
267 440 423 533 moralia,
448 452 597 520 'attamen
617 438 799 522 subielliua
818 440 886 531 ell,·
907 460 1078 544 quatenua
1203 476 1207 483 ·

70 545 200 625 moralia
220 540 331 619 lensur
356 541 543 619 siue'meua
563 546 606 621 ad
627 554 830 643 grauitatem
861 540 1079 645 sanilamque
1104 561 1107 567 “
1241 632 1243 637 ,

70 650 279 723 autoritatem
296 644 377 747 legia
390 643 556 747 prailirae
575 644 821 746 agnoscendam
837 644 948 747 aliquo
963 642 1080 719 saltem
1112 646 1117 657 '

69 746 172 825 modo
187 741 422 833 conformata,
448 751 483 819 in
499 745 567 821 hoo
581 772 706 845 genere
720 750 1022 845 argumentationis
1032 770 1082 820 re·

69 853 218 949 quiritur.
270 852 372 919 Mem
393 851 487 920 euim
510 872 590 951 erga
613 847 646 920 id
671 848 763 950 quod
780 844 959 921 lrunellum
974 843 1081 923 situel

70 972 166 1050 turpe
188 946 289 1049 piane
311 945 521 1037 indifferens,
555 973 619 1022 nee
642 948 725 1022 dum
748 944 1082 1023 moraliasuaealtio·

69 1057 181 1149 uiaque
208 1047 378 1147 dignitatia
401 1045 458 1121 subi
480 1046 627 1139 conscia,
668 1046 788 1125 habitu
810 1055 905 1123 omni
929 1047 970 1121 ad
991 1048 1115 1123 hanon

70 1146 1086 1346 l‘llllllts'llslg'„§.2223‚‘¹‘l:2¹:‚ln.l¹;2.5‘t53r”3

72 1276 178 1441 soret,
213 1368 396 1449 propterea
418 1370 610 1447 numquam
630 1344 672 1420 ad
694 1372 822 1423 certam
845 1370 880 1421 rt
894 1347 1087 1419 immutabi·

72 1453 139 1527 lem
160 1445 407 1551 persuasionem
429 1442 536 1547 pollet
557 1452 755 1550 peruenire;
795 1472 858 1525 ner
879 1471 961 1521 vero
974 1444 1087 1548 ipfiua,

72 1550 154 1655 quid
176 1551 240 1626 hue
260 1548 304 1623 de
318 1574 356 1626 re
369 1546 583 1624 sentiendum
599 1547 657 1640 fit,
682 1552 832 1627 multum
848 1546 999 1624 interesse
1015 1544 1089 1648 pus·

72 1656 130 1733 ser.
181 1662 227 1728 Αι
240 1644 336 1725 facile
349 1649 563 1747 intelligitur,
590 1648 654 1726 esse
669 1656 863 1743 neminem,
891 1654 967 1751 qui,
981 1648 1089 1725 'arlia

75 1753 168 1833 rasio
182 1752 244 1827 isto
259 1746 351 1827 sensu
369 1754 490 1825 morali
513 1747 594 1825 abst
605 1750 812 1851 longissime,
838 1776 909 1824 non
924 1774 1090 1851 magnum

39 1944 42 1949 ,
74 1880 191 1934 tamen
206 1848 295 1928 lrisre
307 1850 557 1951 quaestionibua
570 1876 790 1927 momentum
806 1852 947 1929 adiiciat.
998 1856 1092 1927 Nam

74 1962 162 2033 ratio
176 1954 290 2029 tamen
305 1948 470 2027 sufficient
488 1957 570 2043 erit,
596 1978 684 2054 quae
698 1950 807 2056 ipsum
824 1952 962 2030 indurat
975 1960 1012 2027 vt
1024 1959 1094 2031 Dr·
1133 1968 1139 1982 '

76 2082 138 2133 um
160 2051 223 2128 elle
246 2080 281 2127 er
300 2058 405 2127 vitun
428 2047 579 2128 suturam
603 2080 777 2147 aerearurq
807 2078 915 2154 quum
937 2058 1037 2127 etiam
1054 2078 1093 2128 ex

77 2158 266 2235 rationibus
281 2150 488 2251 speculariuia
508 2152 635 2229 luorum
650 2158 858 2229 eontrarium
873 2150 1095 2229 demonstrari

76 2282 227 2358 nequeat
248 2258 403 2329 omnino.
454 2258 546 2355 Ergo
565 2250 650 2330 fidae
670 2254 781 2354 aliqua
801 2259 966 2355 negutiuo,
991 2258 1095 2328 etiam

78 2353 788 2558 'l¹¹85.ll:‘llliilll‘ssllulstf’
803 2352 1098 2534 llillltlll
1202 2427 1204 2433 *

79 2559 207 2640 oendaa
228 2581 350 2662 prauae
373 2557 548 2660 cupidinea
563 2580 598 2633 er
618 2560 815 2634 retinendos
830 2563 978 2658 impetus
992 2555 1101 2634 uitiosi

80 2657 228 2738 excessua
249 2663 449 2757 uirtutisque
468 2656 605 2760 aliquod
619 2655 836 2735 fimulaurum
852 2664 886 2732 in
903 2657 1101 2735 homiuibua
1139 2667 1142 2672 '

81 2762 239 2838 ruiturae
261 2760 399 2832 moralia
419 2757 534 2832 adhue
551 2763 626 2831 inea
653 2783 742 2834 ertea
758 2755 993 2850 efficiendum,
1015 2759 1104 2832 utilia

84 2869 163 2937 erit.
214 2865 296 2957 Quo
318 2881 401 2932 vero
425 2785 1007 2958 magisexcolleursensuumunlii,
1032 2883 1104 2959 quo

82 2963 261 3068 promtior
281 2955 323 3033 ad
344 2957 493 3058 quoduia
512 2957 645 3033 bonum
668 2955 919 3062 ltonellumque
937 2960 1106 3052 uoluntaa,

113 3088 162 3138 uu
186 3069 336 3162 paratior
356 3059 398 3132 ad
417 3055 539 3134 cunsla
560 3062 695 3133 uirtutis
714 3057 820 3136 caussa
835 3084 877 3149 vea
895 3055 1050 3135 facienda
1071 3083 1107 3136 et
1251 3065 1253 3070 ’

81 3091 277 3240 slrllinenda
298 3163 433 3234 animoa
454 3165 535 3250 erit,
560 3185 603 3235 eo
623 3165 733 3239 maiua
755 3157 833 3236 fidei
855 3159 975 3236 morali
998 3169 1109 3235 incra·
1139 3194 1143 3202 >
1166 3161 1177 3178 “

84 3278 250 3340 mentum
272 3261 426 3350 recedet,
457 3285 506 3336 eo„
521 3255 708 3336 faciliorem
729 3266 940 3362 argumenti·
954 3259 1111 3364 prailiiia
1160 3341 1163 3346 ,

86 3360 467 3466 aurempraebebimua.
517 3365 678 3464 Quaerat
691 3361 783 3438 telle
799 3361 996 3455 credamur,
1017 3362 1112 3439 resse

86 3487 214 3568 agatur
233 3457 360 3539 neeesse
380 3459 445 3554 eil,
470 3485 611 3564 quoque
636 3469 744 3565 magia
764 3468 954 3568 praereptis
974 3467 1115 3541 morali·
1232 3480 1236 3486 '

88 3567 159 3644 bua
175 3563 348 3640 imbutum
364 3559 711 3664 paslualaababimua,
736 3589 779 3641 eo
794 3572 919 3642 certina
933 3563 1114 3670 nobirper·

85 3663 225 3747 suasum
246 3669 328 3758 erit,
359 3663 413 3740 alii
435 3663 724 3768 noa.quamlruie
737 3669 871 3742 mundo
884 3690 983 3743 nator
1005 3673 1048 3744 ad
1068 3669 1114 3745 al·

87 3778 222 3847 tionem
240 3789 357 3865 rerum
379 3763 537 3841 ordinem
555 3771 747 3866 pertinere,
772 3769 807 3842 in
822 3772 1023 3868 quaomnia
1038 3793 1115 3872 per·
1194 3811 1206 3831 ·

89 3866 221 4048 ῐεεὲοε
240 3863 380 3946 mmalia
398 3887 522 3944 natura
541 3869 760 3948 conuenienti
781 3859 842 3946 sibi
862 3861 951 3946 sorte
965 3871 1116 3968 gaudere

89 3994 144 4074 pa
170 3993 211 4048 u.

116 4123 123 4138 ·
213 4124 216 4128 -
1063 4075 1119 4152 Sir
1237 4121 1250 4142 r
