2550 4550
62 552 64 556 ‘
179 527 594 633 pronuntiationem
608 522 743 628 egressu
757 553 828 604 nott
843 521 1015 618 scientiam
1029 521 1085 604 sets
1100 521 1207 604 irco

178 251 252 338 att
341 259 366 351 j
577 233 805 340 ιε
1050 337 1055 348 ,

190 477 194 484 -
280 424 336 502 Sic
355 417 510 504 absoluto
529 421 713 502 ctooneid
729 377 891 502 eiseiiutn
910 419 985 510 eh,¹
1003 420 1140 501 trister
1150 448 1206 500 et·

179 649 336 719 ttotunt,
362 629 547 708 hantrceo
561 625 801 721 sufficientem,
822 626 941 706 finnte
967 655 1011 706 ue
1025 625 1209 733 persuasio·
1252 591 1261 665 ξ

179 735 217 806 ni
239 727 461 833 aptissimam(
532 755 677 808 uatenut
699 733 735 808 in
762 727 918 808 subicsiit
937 657 1048 808 sensut
1069 731 1210 808 moralia

179 825 405 933 supponitur,
432 858 493 931 pra
538 832 837 932 ctiintcsiigatuut.
888 837 940 910 Et
956 857 1092 924 autent,
1117 858 1209 936 quae

180 931 249 1010 hat
262 928 330 1014 irc
344 932 603 1039 ttnpicshitnur,
627 933 810 1036 dogmata,
830 929 964 1038 semper
977 935 1098 1012 aseuiu
1111 960 1210 1012 curn·

179 1039 282 1112 muni
295 1035 388 1138 quast
403 1061 465 1140 per
478 1037 727 1114 diuinationem
742 1035 890 1136 aliquam
905 1038 1143 1115 inhaerentem
1159 1041 1211 1136 ip·

41 1149 44 1154 ’
130 1177 134 1183 ·
181 1133 209 1214 fi
232 1147 345 1240 agnita
368 1137 480 1216 suere:
515 1137 605 1215 ense
626 1163 731 1240 quant
748 1139 839 1214 arhie
856 1137 1007 1242 ipsorum
1023 1134 1209 1242 suppositio

182 1265 265 1316 cuot
297 1237 488 1318 necessitate
520 1243 643 1318 morah
676 1239 858 1318 cohaereat
890 1239 1210 1344 comprehenditur.

184 1345 298 1419 Grato
311 1366 428 1420 autern
441 1347 560 1420 aninto
574 1339 757 1444 agnoscere
770 1366 806 1417 et
820 1348 969 1418 reuereri
984 1366 1211 1444 oportetpro·

165 1435 320 1534 'vidaon
352 1470 441 1544 quae
464 1443 620 1518 huntano
635 1439 927 1544 geneticonsusit,
951 1469 1089 1535 curant,
1112 1449 1211 1518 cuiue
1254 1466 1260 1516 r

180 1541 422 1647 sapientissimo
436 1540 514 1620 sanc
529 1541 667 1620 constsio
683 1539 843 1619 ericium
861 1544 925 1636 est,
951 1569 1054 1637 rtet,
1069 1545 1210 1648 qutead
1252 1530 1261 1681 i

180 1644 369 1724 hontiount
392 1649 497 1722 ritant
518 1643 611 1722 resse
632 1645 870 1720 instituendam
886 1645 977 1722 etad
992 1643 1085 1749 spent
1101 1643 1211 1720 soiati·
1253 1686 1261 1778 p

57 1786 60 1790 ⁴
184 1773 318 1851 umque
338 1756 374 1824 in
397 1750 500 1824 tehut
534 1747 681 1824 aduersu
712 1753 903 1846 pertinent,
947 1747 1111 1850 dogmata
1136 1776 1211 1825 noo
1254 1781 1261 1792 ·

182 1855 230 1928 ita
250 1849 443 1928 abscondita
464 1875 667 1951 remotaque
687 1847 769 1935 snt,
802 1875 840 1926 vt
859 1855 1071 1949 argumentis
1085 1852 1127 1928 ud
1142 1849 1211 1948 ipsa
1253 1818 1261 1917 s

182 1953 404 2053 intelligenda
423 1949 632 2054 speculatiuit
646 1975 682 2026 et
696 1975 824 2050 niagno
839 1947 1074 2054 profundioria
1087 1952 1211 2028 dossri·
1253 1991 1262 2033 t

99 2107 102 2113 ⁴
182 2083 250 2134 nae
269 2079 434 2158 apparatu
454 2079 544 2156 oput
559 2053 763 2128 habeantur:
790 2078 917 2155 quanta
932 2061 1025 2131 enirn
1040 2052 1131 2132 soret
1147 2055 1210 2131 ho·
1253 2056 1261 2125 i

138 2212 142 2220 ³
183 2163 321 2236 roinunt
343 2181 439 2258 part,
472 2181 560 2259 quae
580 2154 623 2231 fic
647 2154 760 2232 abdita
774 2182 910 2250 eruere,
936 2181 997 2234 aut
1015 2159 1058 2234 ab
1080 2160 1150 2234 aiiii
1175 2167 1210 2236 in
1253 2153 1260 2248 ‚²

181 2264 297 2338 lucent
317 2259 450 2363 prolata
471 2255 767 2361 comprehendere
785 2284 820 2337 et
836 2265 869 2335 in
887 2252 983 2339 esunt
1005 2287 1210 2340 conuertere
1252 2253 1257 2286 ¹

182 2360 316 2468 posset?
338 2402 391 2422 -
428 2366 559 2438 Verum
576 2368 784 2453 econtrario
806 2361 917 2437 aditur
939 2362 981 2438 ad
1004 2363 1211 2441 issatterita·
1251 2429 1258 2489 Ι

183 2491 239 2542 tet
250 2462 357 2541 facilit
371 2487 407 2539 et
421 2468 456 2537 in
471 2464 633 2537 utnnihut
655 2464 767 2555 ident,
795 2490 964 2565 quotenne
977 2490 1102 2540 ontnet
1116 2460 1211 2543 sensu
1251 2492 1258 2580 p

98 2644 102 2648 ,
181 2567 307 2643 muraii
327 2566 469 2669 praediti
492 2560 587 2662 suot3
618 2590 683 2640 nee
698 2561 922 2669 philosophus
937 2565 989 2642 ves
1003 2566 1211 2644 aeutiffirnut
1251 2598 1257 2684 Ι

115 2755 119 2770 Ι
181 2668 229 2743 de
242 2675 299 2759 iit,
319 2693 407 2768 quae
421 2663 624 2765 cognoscere
640 2664 792 2741 horninit
806 2667 942 2741 internis
956 2675 1122 2763 oratitne,
1136 2672 1211 2771 psu-
1251 2707 1257 2800 p

183 2794 225 2847 ra
246 2767 367 2871 sapiet,
398 2793 502 2870 quatu
524 2773 703 2843 cunitnttni
725 2769 866 2867 quilibet
882 2767 994 2861 sensu,
1018 2766 1145 2845 resiea
1161 2780 1211 2847 iu·
1251 2815 1257 2872 ς

181 2895 325 2949 uentute
338 2869 418 2945 inde
431 2868 585 2958 exculto,
609 2870 783 2971 praeditur
799 2869 1096 2973 comprehendere
1110 2874 1210 2949 vaiet
1252 2892 1257 2965 ξ

182 2977 240 3050 Ah
255 2998 293 3047 ea
305 2974 398 3047 enim
414 2996 527 3073 parte,
553 2976 589 3044 in
604 2996 671 3071 qut
687 2968 912 3073 phisosophut
926 2974 1073 3065 etc-essin
1098 2969 1213 3075 specu·
1251 2970 1257 3026 ³

183 3075 289 3148 latitia
304 3068 440 3161 scilicet,
466 3072 550 3146 haec
564 3079 652 3147 citra
665 3068 797 3147 ohiessu
813 3070 898 3145 nihii
913 3070 999 3149 effici
1012 3078 1139 3175 puteis,
1162 3084 1213 3149 ni·
1250 3059 1256 3210 ἒ

184 3172 211 3251 s
231 3169 345 3249 forsan
367 3170 436 3247 hoc
459 3178 495 3247 in
517 3196 723 3274 computum
747 3173 962 3292 adsutintut.
989 3181 1135 3297 inscitiae
1151 3203 1215 3254 ttu-
1249 3227 1255 3304 i

185 3276 272 3353 sitae
285 3272 511 3353 necessitatem
525 3275 569 3351 ab
583 3274 654 3351 hoc
667 3301 687 3350 a
702 3298 809 3376 pnort
823 3274 1046 3353 demonstran
1060 3274 1168 3382 posse.
1249 3313 1255 3366 ;

1249 3488 1254 3656 i
