2550 4550
180 301 257 376 tut
576 261 966 371 a·

179 458 304 539 eodem
323 461 419 538 enim
436 457 603 537 vocabulo
616 456 726 540 modo
742 461 873 563 ploret,
898 450 1007 534 modo
1021 456 1192 560 pontiore·

179 582 283 637 uotae
294 559 542 662 comprehendi
555 555 709 664 poii‘unr.
723 559 816 636 rciut
831 553 854 632 u
869 579 957 634 rnur
969 559 1193 654 inauroprte·

179 681 233 735 ter
246 660 385 762 pondua
396 657 550 736 colorem
564 683 600 737 ea
618 655 841 734 inanitatem
857 650 970 732 adhuc
982 649 1017 730 id
1031 650 1129 728 iimui
1143 673 1194 728 co·

181 764 268 858 giret
287 755 349 860 ipo
369 765 567 862 proprium,
607 757 703 862 quoti
724 759 880 858 rubigine
900 777 974 832 oon
995 749 1195 843 corroditur,

183 859 287 950 aiter,
310 855 603 958 huiusceigmrur
617 857 787 950 attributi,
812 880 874 932 rna
887 877 1021 930 tantum
1036 851 1094 926 iiii
1106 876 1197 954 pree·

34 1009 44 1024 -
183 957 292 1034 dicata
304 981 371 1062 pro
385 957 608 1036 constituemur
623 965 695 1036 turi
709 953 958 1040 characteribus
973 951 1107 1030 habrae
1154 959 1197 1028 At

181 1055 207 1134 ii
237 1082 361 1134 omnen
388 1060 528 1162 quoque
554 1067 591 1136 in
616 1057 824 1162 crpofitione
851 1059 1039 1172 conceptue
1064 1052 1198 1168 alicuiut

179 1183 276 1338 iiii
297 1148 1199 1357 {iiiiiiim‘iitffiiiisimst'zssiiifi

49 1448 54 1462 ¹
179 1356 615 1462 autdemirerconcrpto,
641 1385 727 1462 quac
741 1367 775 1434 in
790 1361 890 1435 nouit
901 1351 1200 1458 repertireiuedem

180 1463 316 1560 generis
335 1455 477 1534 obiessir
497 1456 746 1551 dcfiderantur,
772 1481 873 1559 atque
894 1461 941 1531 ita
959 1456 1201 1624 compararint,

178 1581 249 1654 qua
266 1555 445 1655 hucurque
465 1557 640 1633 raiucraor
659 1577 863 1660 conceptor,
889 1549 1041 1631 rniuersa
1054 1559 1134 1626 itate
1147 1550 1200 1626 de

164 1657 381 1751 'stiruuntur3
405 1677 466 1730 aut
485 1679 578 1730 notra
598 1655 691 1732 addit
712 1679 774 1756 per
794 1657 1037 1731 accuratiorem
1054 1647 1200 1724 otietto-

141 1752 146 1761 '
178 1777 260 1826 rum
275 1751 604 1850 dccompusstionem
629 1755 683 1829 vri
704 1751 952 1836 diffoiutioncm
966 1747 1097 1826 detesto
1117 1744 1200 1850 ipso·

178 1849 1200 2050 ἱΐὲἳῖιἕυῗῗῖἷὲῗὲῗυἓῖἓῗέἷᾞωῗὲᾞρῖξὶἓέωωξὶᾞὲῗ

179 2043 340 2119 ιτᾶἰοκα
362 2043 446 2120 finci
467 2047 645 2146 compelli,
672 2073 753 2120 mox
777 2044 954 2146 hueusque
970 2041 1112 2118 statutor
1126 2064 1199 2118 eua-

179 2147 250 2241 gari
272 2143 445 2236 ridemua;
471 2170 576 2248 quare
598 2142 786 2223 definitioni
809 2147 903 2220 locut
924 2169 997 2218 non
1019 2139 1066 2215 est
1080 2147 1115 2214 in
1130 2165 1199 2215 em·

177 2245 301 2344 piritio.
351 2242 508 2319 Sceuttdo
535 2243 613 2319 loco
644 2271 707 2321 nco
734 2269 920 2348 conceptue
947 2267 967 2319 a
995 2245 1101 2344 priori
1123 2238 1199 2322 dati

57 2408 63 2420 .
177 2342 295 2443 qutier
314 2338 392 2421 sunt
412 2338 607 2434 subitaria,
633 2342 758 2433 caussa,
785 2355 855 2429 ius.
882 2342 1064 2419 honestum
1086 2364 1122 2415 et
1142 2340 1201 2414 aiia

179 2441 377 2542 compluta,
403 2440 534 2518 definiri
549 2441 703 2547 poffunt,
735 2442 928 2519 fistrissiori
943 2444 1087 2519 verbum
1110 2434 1200 2513 sensu

177 2543 374 2639 accipimur.
423 2548 517 2617 Nam
532 2542 609 2619 iicet
624 2547 689 2617 irac
702 2548 737 2615 in
751 2570 789 2619 re
803 2540 923 2617 diuerfi
938 2537 1003 2615 fine
1015 2559 1201 2637 conceptor

179 2660 199 2711 a
213 2640 317 2735 priori
332 2637 375 2710 ab
389 2644 576 2736 empiricit.
600 2638 696 2737 quod
709 2664 801 2727 non,
828 2636 920 2712 iieuti
936 2642 969 2709 in
984 2636 1096 2724 hircc,
1122 2656 1201 2707 eon·

178 2754 298 2830 ceptor
321 2734 363 2807 ab
384 2732 536 2825 abactio,
562 2732 617 2809 sed
639 2760 737 2807 more
747 2729 887 2819 ¹irruerso
902 2730 1074 2807 obieilum
1090 2752 1202 2803 acon·

177 2851 281 2928 ecptu
296 2826 561 2925 determinetur3
586 2856 738 2909 attamen
753 2858 839 2935 quac
853 2836 887 2905 in
901 2830 956 2905 teli
973 2833 1201 2928 conceptuin·

179 2930 318 3005 uoiotac
332 2930 424 3031 quast
438 2930 502 3009 sunt
517 2957 620 3009 notae
635 2958 738 3032 atquc
753 2930 963 3009 charraetcr
978 2953 1050 3005 non
1066 2926 1125 3001 nti
1140 2951 1202 3029 per

112 3066 120 3083 ·
178 3028 440 3131 applicationem
469 3030 570 3134 ipiiua
590 3031 633 3107 ad
655 3033 808 3135 exempla
837 3038 872 3105 in
896 3051 1057 3106 concreto
1087 3026 1201 3102 tuoiui

133 3124 137 3137 ’
175 3122 324 3227 poisont.
376 3134 493 3227 Quare
515 3126 647 3228 semper
662 3134 695 3202 in
712 3128 804 3205 hirec
825 3128 966 3201 dubium
983 3120 1129 3223 superest
1144 3126 1202 3196 cin

179 3248 218 3297 ca
238 3223 446 3321 completam
470 3224 637 3298 eiusmodi
653 3248 840 3323 conceptor
855 3220 1020 3319 anaiyfiu,
1045 3244 1136 3317 quae
1150 3242 1203 3291 ex·

178 3319 375 3417 empiorum
396 3318 616 3395 multitudine
640 3318 829 3420 persuaoeri
849 3316 988 3419 quidem
1010 3319 1130 3407 nobit,
1169 3336 1203 3387 at

177 3443 369 3517 numquam
385 3419 429 3491 ad
443 3419 666 3519 apodifficam
683 3419 921 3493 certitudinem
937 3413 1075 3516 perduci
1085 3412 1202 3514 potest.

105 3562 108 3569 -
177 3525 295 3617 Quare
309 3514 432 3593 restim
446 3525 480 3593 in
497 3519 817 3619 hirceconucptibut
831 3520 1041 3619 expositionis,
1056 3515 1150 3591 stcttti
1166 3520 1200 3587 in

12 3642 16 3649 ·
161 3622 349 3717 ‚propitior
359 3616 568 3696 dclineandir
578 3620 796 3713 explicatioris
810 3618 975 3693 vocabulo
989 3622 1130 3690 utimur.

270 3812 416 3900 Quor,
442 3834 550 3906 quum
565 3834 679 3909 neque
693 3830 879 3909 conceptor
896 3809 1067 3908 empirici,
1091 3826 1205 3905 neque

175 3906 238 4008 qui
258 3926 279 3978 a
299 3908 406 4005 priori
429 3902 499 3983 dati
517 3902 613 4002 suot,
643 3904 775 3985 definiri
797 3902 944 4010 puisun,
974 3904 1043 3982 hoc
1069 3925 1206 4106 taspppp
