2550 4550
428 358 652 391 ““““““
981 374 1048 446 38¹

23 557 24 592 ³
56 566 142 635 mus3
173 536 267 618 haud
288 542 380 615 euim
395 542 431 611 in
445 535 519 639 lege
533 536 671 631 morali,
697 536 811 639 quales
824 536 927 617 simus
942 536 1057 619 sccun-

57 646 132 721 dom
146 640 410 740 phaenomenon
424 644 460 713 in
474 666 560 715 nexu
576 639 697 718 mundi
711 636 883 735 senfibilis,
905 638 960 719 sed
974 670 1057 746 qua·
1111 707 1114 713 ,
1210 690 1213 697 -

23 761 24 792 l
57 744 162 844 deense
181 748 359 831 debeamus,
392 738 574 841 respicitur.
623 752 741 846 Quum
757 767 890 836 autem,
917 749 1058 821 rridisi·

22 831 24 934 l
58 874 147 936 mus,
178 844 349 920 necesstas
364 842 503 916 essionis
522 846 767 943 possibilitatem
783 845 952 936 inuoluat,
978 849 1058 925 inde
1082 884 1091 895 ·

58 946 209 1037 efficitur,
242 941 439 1019 rationalem
463 942 554 1017 lianc
574 950 608 1018 in
631 944 747 1037 nobis,
778 944 891 1047 quoad
914 972 1058 1029 nonme·

58 1072 140 1135 non,
171 1049 300 1146 legem,
338 1067 501 1141 tanquam
533 1044 707 1120 caussalcm
740 1049 759 1117 i.
782 1045 1065 1153 ueil'csbuspru-
1107 1130 1111 1141 Ι
1150 1072 1155 1103 ι
1223 1098 1224 1103 ,

56 1152 249 1236 ducentem,
280 1143 455 1220 necessarie
476 1151 616 1243 cogitari
630 1145 764 1221 debtrc.
790 1173 793 1183 ·
813 1154 865 1222 Sic
879 1154 980 1247 igitur
994 1148 1057 1223 ho·

57 1277 131 1336 mo,
154 1257 218 1349 qui
234 1270 452 1333 noumenon,
477 1240 593 1321 scriem
610 1248 1060 1349 plracnomenocuur(aslio·

57 1375 154 1431 num.
182 1347 365 1423 ciscsluutn
379 1352 414 1418 in
428 1344 559 1419 mundo
572 1346 727 1444 sensibili)
742 1344 861 1445 sponte
876 1344 932 1420 sua
949 1348 1059 1451 potest
1074 1396 1076 1401 ·

57 1456 197 1553 incipere
228 1453 249 1524 i.
271 1474 301 1525 c.
321 1445 426 1523 bbere
447 1470 562 1546 agere,
594 1444 680 1524 nihil
701 1446 793 1525 laefis
817 1473 879 1551 per
896 1446 930 1523 id
944 1446 1055 1554 ipsum

59 1580 192 1630 naturae
204 1551 342 1652 legibus.
384 1552 531 1623 Eaedem
551 1556 643 1624 enirn
661 1546 808 1626 essiones
821 1552 962 1644 liberae,
979 1576 1060 1653 qua·
1181 1634 1192 1653 ⁴

59 1680 153 1729 tenus
173 1650 356 1725 inmundo
385 1647 521 1726 sensibili
548 1650 612 1751 per
632 1650 771 1725 effebus
795 1650 1062 1745 manifestantur,
1097 1654 1116 1689 ⁶

57 1754 234 1831 secundum
250 1753 405 1829 ordinent
420 1748 507 1825 fiunt
521 1776 677 1845 naturae,
692 1775 726 1827 et
738 1778 817 1829 cum
831 1758 949 1829 ceteris
963 1780 1063 1829 mun·
1141 1813 1145 1821 .

58 1858 88 1933 di
110 1853 264 1932 sensbiiis
289 1854 536 1957 phoenomenis
556 1880 643 1929 ucsu
665 1850 842 1930 necessario
864 1854 1063 1939 eoniunslae

57 1958 149 2045 sunt,
187 1964 233 2032 ita
253 1982 289 2032 vt
310 1954 520 2055 intelligibilis
549 1954 699 2031 ciusdem
730 1952 872 2031 aslionis
890 1956 1063 2033 clraraslcr

57 2086 134 2134 curn
156 2062 319 2161 empirice
341 2057 536 2130 concisurus
558 2062 757 2132 inueniatur.
807 2062 883 2133 Nec
903 2057 1000 2133 aliter
1011 2084 1062 2150 ca,

58 2190 143 2265 quoe
163 2166 198 2236 in
214 2165 388 2234 communi
410 2154 592 2231 huminum
614 2159 657 2233 dc
671 2154 857 2235 ustionibus
878 2158 1063 2235 moralibus

58 2262 179 2338 iudicio
201 2266 364 2352 occurrit,
396 2256 515 2360 culpae
536 2263 752 2361 criminisque
765 2265 947 2363 imputatio
961 2261 1065 2362 expli·

56 2373 122 2440 caci
136 2363 251 2466 posset.
302 2367 471 2461 Quamuis
486 2365 576 2434 eninr
591 2361 677 2436 silio
692 2357 863 2436 commissu
879 2389 917 2436 cx
930 2387 1063 2438 natura·
1147 2373 1151 2388 '

55 2468 77 2540 li
93 2491 209 2540 rerum
231 2488 318 2536 netu
339 2485 499 2562 tanquam
523 2457 661 2535 eii'cslue
676 2489 695 2536 a
709 2457 813 2537 caussa
827 2462 991 2563 prolluac,
1018 2487 1064 2560 ta·
1160 2507 1165 2515 ·

56 2594 139 2642 men
159 2589 321 2669 proptera
348 2560 442 2636 lsaud
462 2560 605 2636 excusari
626 2563 801 2637 libcrariue
830 2562 927 2664 culpa
954 2559 1067 2640 cense-

56 2695 123 2746 tur.
173 2671 286 2770 Turpi
315 2669 405 2740 enim
435 2663 545 2768 aliqua
573 2662 708 2756 afflone
735 2665 907 2742 consmiil'a
932 2661 1065 2760 scclcili,

58 2780 116 2874 qui
138 2770 243 2874 ipsam
264 2765 449 2860 commifit,
475 2794 511 2844 ct
525 2765 674 2844 indolcm
697 2769 883 2845 natrsrnlcm
900 2795 934 2844 ct
949 2771 1068 2845 educa·

59 2896 213 2960 nonem,
243 2866 339 2942 sortis
361 2867 461 2968 ipsius
484 2871 590 2941 varias
611 2873 716 2957 vices,
741 2873 912 2969 vitamque
927 2890 1067 2942 omnent

57 2997 138 3048 ante
160 2969 269 3045 aslum
292 2965 521 3068 exploramus,
547 2965 638 3068 qoasr
653 2965 918 3069 phaenomcnon
933 2967 1069 3068 aliquod

56 3097 200 3148 naturae
221 3071 429 3168 explicaturi,
460 3091 497 3141 vt
518 3065 636 3142 scilicet
656 3067 824 3141 astionem
838 3093 877 3141 ex
891 3066 1007 3142 caussis
1022 3071 1070 3169 ip·

57 3172 128 3247 sam
150 3167 357 3273 progressius
377 3167 618 3241 adducentibus
639 3167 842 3242 deriucmus.
893 3165 939 3243 tlt
954 3194 1072 3270 quaru-

57 3301 166 3376 quam
187 3279 223 3346 in
246 3271 405 3344 omnibus
427 3266 513 3342 hisce
535 3273 704 3372 empiricis
726 3267 977 3343 conditionibus
997 3294 1073 3344 nro-
1143 3311 1147 3320 ·

55 3380 170 3468 menti
190 3371 313 3474 aliquid
336 3369 378 3445 ad
401 3369 590 3445 leniendam
613 3366 757 3446 fortassis
777 3369 912 3474 culpam
930 3393 1071 3474 repona-

57 3501 162 3566 mus,
192 3467 302 3549 nihilo
323 3492 438 3546 tamen
457 3477 569 3544 minus
590 3469 758 3546 astionem
782 3471 915 3546 bomini
930 3477 1074 3574 imputa·

57 3605 163 3668 mur,
193 3601 256 3650 occ
270 3596 412 3677 propter
424 3570 483 3662 iila
502 3576 618 3648 omnia
631 3573 729 3676 culpa
742 3570 851 3686 ipsum
864 3573 985 3650 exsolui
1001 3569 1075 3678 pes·

57 3679 93 3758 se
117 3678 333 3756 arbitramur.
381 3679 463 3749 Hoc
489 3699 623 3767 autem,
661 3700 732 3780 quo
759 3679 866 3780 ipsum
886 3675 1076 3782 perstringi·
1219 3681 1224 3698 '

38 3781 160 3906 'mos3
183 3785 389 3902 vituperium
404 3801 583 3902 propterea
597 3775 720 3899 iussum
733 3777 957 3903 declaramus..
980 3777 1076 3892 quod

53 3877 1077 4089 issisti'insist’:sitsitiiiiiiisiistlffit

54 4087 166 4166 rabili
186 4079 362 4194 commisso
374 4081 509 4190 ⁸ell‚‘rt
521 4079 728 4176 absolutam,
753 4107 817 4162 nec
830 4109 894 4188 per
908 4086 981 4164 iiius
997 4105 1077 4156 con·
1233 4162 1238 4176 ,

882 4236 887 4252 .
981 4173 1075 4258 ditib-
