2550 4550
198 293 269 360 xiv
292 396 299 434 Ι
466 384 472 394 Ι
495 273 740 382 Caespessrta
763 257 914 378 opa'rir.
1065 311 1067 315 ·

90 482 92 489 ’
199 477 488 586 fimadiapoiitio,
507 503 624 560 tamen
638 487 675 560 in
689 479 823 584 singuiis
836 467 1227 586 nonsemperordincm

66 651 70 661 1
200 609 448 716 systematicum
463 607 602 685 Kantion
617 603 818 692 secuturcst.
868 612 976 710 Saepe
996 611 1225 686 enirn-occur·

204 743 266 832 rit,
280 761 317 816 rt
327 740 497 814 anteriora
510 735 677 840 quaedam
691 730 770 830 suo,
785 761 856 842 qun
866 731 1045 818 constituta
1060 729 1154 824 sant,
1175 730 1230 809 lo·

153 856 167 898 ⁴
205 891 249 941 co
263 844 498 968 perspicuitate
512 888 665 956 careant,
691 887 803 966 etpcr
817 867 1036 970 caprimum.
1058 853 1231 964 quaesub·

140 1029 145 1038 ·
205 991 288 1069 inde
308 991 414 1093 longo
428 987 704 1094 postinteruaiso
715 987 919 1092 sequuntur,
940 989 1051 1066 lucem
1066 982 1231 1066 desidera·

52 1179 54 1183 .
206 1143 281 1196 tam
301 1123 485 1221 accipiant3
509 1111 607 1220 sacpc
627 1142 768 1221 quoque
789 1111 991 1196 consessoria
1004 1111 1173 1220 quaedam
1189 1138 1231 1188 cr

206 1243 505 1350 praecedentiam,
526 1216 601 1318 non
616 1239 689 1346 ipso
703 1268 765 1334 co,
780 1269 850 1348 quo
865 1241 1050 1335 debebant,
1064 1239 1142 1320 loco
1156 1235 1233 1314 sub·

209 1370 295 1450 icida
316 1365 411 1464 sunt,
431 1363 487 1447 sed
508 1369 657 1448 nmirum
679 1365 769 1446 infra
784 1369 859 1446 asiis
873 1367 989 1474 passim
1004 1369 1087 1446 iocre
1102 1371 1233 1444 inueni·

94 1551 102 1560 -
209 1523 334 1592 uncum
359 1503 423 1590 ita,
448 1521 486 1571 rt
499 1501 688 1590 ammom,
715 1495 891 1600 exquibus
905 1495 1049 1574 dedusia
1062 1491 1158 1590 sunt,
1184 1518 1236 1570 ar·

211 1649 377 1730 gumenta
410 1649 482 1702 non
506 1623 652 1728 amplius
681 1620 866 1727 praesentit
904 1618 1144 1716 obuerscntur,
1180 1613 1237 1698 scd

117 1803 121 1810 -
212 1754 393 1830 rcuoiucrc
411 1751 538 1829 librum
559 1750 656 1828 etad
675 1755 840 1856 principia
861 1775 1034 1834 rccurtcrc
1053 1747 1161 1830 iesior
1181 1773 1238 1828 co·

135 1917 140 1926 ·
215 1880 309 1956 asim
325 1877 374 1954 fio

317 2012 415 2082 Haec
442 2028 544 2107 atque
566 2003 643 2080 talia
664 2009 699 2080 in
723 2029 820 2082 tanto
842 2030 949 2110 opere
971 2011 1041 2097 rix,
1066 2031 1105 2082 ac
1126 2029 1171 2082 ne
1185 2007 1240 2080 vit

218 2131 378 2239 quidem,
404 2137 523 2210 coitari
537 2116 716 2236 poterant3
743 2129 1053 2234 superioraautcm,
1079 2129 1240 2234 quaediri

218 2288 293 2339 non
306 2259 349 2339 ad
363 2255 545 2365 systematis
558 2257 675 2351 seriem
692 2265 831 2365 proprie
852 2265 1073 2367 pertinentia,
1098 2255 1243 2337 neccssa-

169 2463 171 2468 .
219 2396 271 2467 ria
284 2389 371 2466 adco
386 2394 420 2463 in
435 2385 631 2492 primordiis
645 2379 752 2465 sucre.

322 2524 443 2621 Qum
457 2539 591 2607 autcm,
618 2518 822 2615 experientia
845 2510 982 2607 edosti,'
998 2536 1145 2618 quantae
1159 2508 1243 2588 diffi·

222 2642 364 2721 cultatec
377 2648 412 2717 in
425 2646 597 2716 litationis
604 2640 834 2716 voluminibus
849 2636 1096 2744 perscrutandis
1110 2646 1244 2716 vincen-

223 2768 288 2846 dac
301 2764 366 2843 fine
378 2790 597 2869 compertum
609 2764 815 2861 habeamur,
829 2761 1014 2843 faciliorem
1029 2772 1118 2843 viam
1133 2773 1243 2867 ingrc-

163 2980 167 2985 ,
224 2894 260 2971 di
281 2918 384 2996 atquc
404 2890 530 2968 omiisn
549 2898 688 2985 ccterir,
712 2889 965 2997 philosophiam
978 2896 1128 2972 criticam
1143 2880 1182 2969 cr
1198 2900 1247 2997 ip-

223 3020 291 3099 siut
304 3026 415 3101 liantii
428 3019 521 3096 libris
534 3014 576 3093 ad
599 3014 782 3123 systematis
795 3016 892 3095 fisum
907 3018 1061 3123 redigere
1075 3018 1248 3099 constitui-

119 3213 122 3221 .
224 3172 324 3226 murt
346 3152 393 3224 ita
412 3169 529 3223 tamen
551 3170 608 3238 vr,
633 3168 806 3247 quantum,
823 3141 896 3221 fieri
912 3145 1039 3247 potest,
1066 3144 1131 3227 nc'c
1143 3147 1187 3223 ab
1203 3152 1251 3250 ip·

139 3335 143 3342 .
226 3272 294 3350 sua
315 3272 464 3375 placitis,
489 3294 602 3371 neque
614 3268 873 3371 probationibus
886 3266 1036 3371 ipsorum
1052 3269 1176 3375 aliquid
1191 3272 1253 3347 dc·

227 3397 413 3491 fiderctur,
464 3420 500 3473 et
524 3395 568 3471 ad
590 3417 784 3472 ceterorum
807 3421 946 3498 quoque
965 3376 1251 3500 philosophorum

131 3579 136 3593 .
229 3528 429 3626 opiniones,
449 3546 618 3625 quantum
634 3546 722 3623 opuo
736 3518 801 3613 est,
817 3521 860 3597 ad
875 3528 1038 3601 lianciana
1052 3520 1250 3613 iilussranda,

230 3647 435 3752 respiciatur.

333 3776 415 3851 Hoc
427 3755 638 3877 postremum
651 3800 750 3852 more
763 3800 835 3849 non
850 3769 958 3851 solum
974 3772 1018 3850 de
1032 3775 1151 3849 extorio
1159 3829 1169 3865 ,
1195 3768 1253 3847 scd

47 3985 50 3989 .
127 3880 157 3895 ..
235 3900 280 3983 dc
292 3900 414 3979 nostrin
428 3926 567 4007 quoque
581 3900 705 4004 aliquid
720 3902 945 3993 merebimur,
968 3898 1063 4003 quod
1080 3921 1256 3977 meravcr·

130 4034 134 4050 '
1199 4022 1258 4101 so·
