2550 4550
684 306 807 328 r't

206 356 212 367 e
768 356 772 371 i

272 395 277 404 ¹
591 396 598 413 Ο

272 394 348 488 ⁸⁶8
621 392 907 453 ·-
1060 448 1063 457 ,

930 504 933 511 ι

173 599 208 663 ,·
272 506 407 653 mle·
428 577 465 647 u
492 568 761 673 mernere
790 506 1221 675 permittentem
1255 589 1272 638 a

271 670 529 753 sueeadwtibtu
544 672 727 752 tribuenda
741 680 817 751 erit.
876 722 883 745 t
930 736 932 741 .

273 900 486 1029 wau
508 809 947 1037 nundidmn
960 872 1251 1025 cr'usmu·

347 1066 423 1147 gaer
444 1039 656 1153 casellulis.
706 1038 823 1139 (cous.
844 1037 988 1120 huiutce
1007 1064 1189 1145 aputeum
1219 1040 1260 1145 §.

354 1157 401 1235 oe
421 1160 663 1259 caperon).
802 1214 805 1221 .
904 1208 907 1216 .
940 1212 944 1217 .
1224 1256 1227 1265 1

379 1288 626 1373 Phaenomena
657 1286 717 1364 sibi
751 1294 900 1364 inuicem
931 1282 1110 1365 succedere
1134 1292 1156 1364 i.
1177 1312 1211 1365 e.

278 1388 441 1497 tempore
462 1388 585 1467 ilatum
609 1389 758 1493 aliquem
779 1416 897 1467 rerum
918 1384 999 1478 else.
1031 1396 1128 1467 cuiue
1143 1414 1267 1467 eontra

124 1582 129 1591 ‚
278 1500 402 1571 unuin
422 1492 508 1568 ilacu
530 1488 715 1567 secundem
739 1515 878 1595 tempor
896 1495 1059 1566 anteriori
1076 1486 1206 1582 suerat,
1221 1518 1275 1613 p

279 1600 446 1696 cipimua;
470 1591 1267 1695 netumigiturduarumpereeptionumponem

223 1719 244 1732 ··
280 1698 500 1796 intempore.
533 1696 727 1767 Hicautem
746 1718 853 1769 nexus
867 1702 901 1766 in
916 1716 1075 1795 tempore
1095 1720 1167 1768 non
1183 1699 1273 1795 peri

280 1798 467 1870 tuitionem
480 1788 584 1868 solam
598 1788 831 1893 cognoscitur3
852 1816 990 1896 tcmput
1005 1800 1097 1867 enim
1113 1818 1186 1868 non
1201 1800 1254 1868 int

156 1993 165 2003 ,
280 1900 313 1974 ri
335 1890 527 1997 possumus,
559 1918 625 1969 nce
648 1894 794 1997 proinde
817 1920 880 1995 per
898 1892 1100 1969 relationem
1123 1893 1165 1969 ad
1186 1892 1262 1996 ipsu

283 2020 455 2097 quaenam
475 1994 656 2098 praecedat
671 2021 759 2096 quae
773 1990 993 2097 subsequatur
1006 1996 1177 2091 conditio,
1203 2004 1239 2071 iu
1261 2033 1269 2061 ·

122 2177 125 2183 ,
152 2156 158 2165 .
188 2106 195 2112 “
283 2092 375 2171 ἱείὶο
397 2095 614 2169 determinari
632 2093 753 2195 potest.
805 2098 859 2169 nb
877 2101 1119 2196 imaginatione
1136 2100 1266 2195 igituri

115 2266 120 2278 .
198 2216 204 2243 ⁹
285 2192 428 2273 effeetus
452 2190 690 2296 proficiscitur,
730 2218 819 2297 quae
841 2191 961 2270 seilicet
982 2193 1114 2271 sensum
1137 2202 1268 2272 intem·

173 2321 180 2332 ·
209 2295 214 2314 ’
285 2291 474 2372 secundum
498 2295 679 2370 relationes
698 2299 865 2398 temporie
888 2291 999 2373 afficte
1051 2293 1170 2386 (cons.
1189 2305 1269 2374 Ana

286 2399 344 2472 tie.
367 2418 597 2495 conceptuum
613 2399 696 2498 Cap.
714 2401 773 2471 111.
787 2393 875 2477 Seii.
892 2421 926 2476 a.
942 2393 975 2496 §.
991 2401 1046 2494 8.)
1097 2405 1138 2474 ln
1153 2404 1254 2500 imagi

288 2499 384 2574 tione
398 2520 514 2571 autem
530 2494 600 2570 duo
613 2493 767 2571 eiusdem
783 2501 832 2572 rei
847 2494 967 2573 diuerfi
981 2495 1083 2574 statua
1098 2497 1224 2602 duplici
1239 2527 1249 2572 ι

287 2621 328 2672 re
348 2599 492 2670 connexi
516 2620 557 2669 eo
586 2600 656 2670 'tari
682 2593 835 2700 poliunt,
874 2622 912 2672 et
933 2594 1054 2674 seilicet
1073 2624 1134 2676 aut
1154 2600 1240 2675 ulter

287 2695 471 2872 praecedat
489 2697 543 2770 rel
559 2621 793 2798 slrbsequatur.
845 2697 898 2773 Ad
919 2696 989 2775 lroc
1009 2705 1113 2800 igitur
1132 2697 1242 2776 solum

301 2801 452 2899 piciene,
466 2793 550 2871 dum
565 2821 674 2872 vnum
690 2797 785 2872 alteri
799 2793 922 2872 statum
936 2823 1122 2901 antepono,
1138 2799 1171 2874 id
1181 2825 1254 2877 tant

289 2901 492 3000 pronuntio,
506 2902 540 2971 in
553 2899 777 2996 imaginatione
790 2925 856 2972 uteo
872 2925 979 2973 vnum
996 2907 1257 2993 riaritctiorem‚

290 3019 406 3073 terum
422 3021 458 3072 rt
471 2993 729 3098 subsequentem
746 3005 839 3101 poni,
857 2997 1255 3089 haudvero,inobielloi

257 3104 261 3114 '
290 3097 438 3174 alterum
453 3095 576 3172 statum
591 3099 794 3200 praecedere
808 3095 959 3204 subsequi
973 3103 1129 3180 cicerum.
1164 3111 1229 3179 Per
1254 3133 1267 3180 r

290 3198 418 3303 plicent
443 3204 546 3296 igitur
565 3206 823 3320 perceptionem
846 3207 931 3275 cirea
946 3201 1150 3278 obiesliuam
1167 3205 1258 3307 phac

122 3303 127 3318 '
160 3340 196 3347 ‹-
294 3323 481 3373 menorum
511 3296 569 3373 fibi
593 3301 742 3374 inuicem
770 3297 1023 3376 succedentium
1044 3304 1246 3382 relationem

292 3396 345 3475 ltil
365 3405 511 3475 omnino
533 3397 704 3476 desinitur.
755 3403 858 3477 Nulla
882 3409 985 3504 igitur
998 3429 1037 3479 ex
1050 3403 1189 3510 simplici
1204 3435 1269 3510 per

295 3507 418 3606 ptionc
430 3506 634 3603 experientia
647 3503 807 3604 poffibiiie
826 3504 880 3578 esi.
924 3511 1019 3580 Haec
1034 3515 1137 3607 igitur
1151 3533 1187 3585 vt
1200 3509 1275 3586 effi

219 3695 223 3700 ¹
296 3625 374 3694 tur,
421 3599 618 3678 necessarior
647 3605 766 3704 aliquia
792 3611 1053 3706 perceptionum
1077 3635 1182 3686 nexui
1201 3637 1269 3686 con

137 3774 140 3780 .
223 3700 224 3703 ¹
296 3700 449 3779 tuendue
463 3700 527 3790 est,
553 3729 732 3804 perquem
747 3731 917 3805 quaenam
935 3731 971 3782 vt
985 3711 1209 3810 praecedens,
1233 3741 1256 3818 q

168 3859 187 3902 ,Ι
266 3889 272 3900 ‚
297 3826 338 3879 rt
360 3797 562 3904 subsequens
585 3811 668 3905 poni
684 3809 795 3880 debeat
809 3807 1020 3888 diiudicetur.
1073 3813 1250 3911 Neceffirrio

299 3921 373 3978 tem
388 3907 611 3978 intuitionum
627 3909 737 3979 unitae
750 3903 939 4006 l'ynthetica
954 3935 1025 3984 non
1041 3909 1099 3985 nili
1116 3939 1178 4016 per
1193 3941 1275 4018 pra

215 4009 218 4014 ’
300 4025 501 4081 carpentum
523 4012 665 4108 cogitari
686 4003 815 4109 potest,
850 4007 945 4112 quod
969 4037 1043 4090 non
1063 4037 1084 4090 a
1104 4023 1273 4119 percepti

300 4150 303 4156 ,
742 4149 745 4156 ·
1188 4165 1194 4179 ·
1221 4143 1240 4198 c
