2550 4550
226 350 315 427 aar
358 336 363 346 '
632 326 861 391 Ε

227 534 421 615 tamquam
433 507 530 589 morli
549 506 738 591 efflatam
753 500 915 601 'eiusdem
930 480 1237 619 prrcecrlenc'lcoe·

226 618 385 692 minatio
397 610 686 717 repraesentatur,
706 637 811 718 atquc
824 622 927 695 'etiam
940 619 1061 721 aliquit
1073 614 1172 706 ¹lto'iua
1183 616 1238 693 lol-

90 733 95 743 “
227 710 502 801 monmeliant
522 741 640 796 menae
661 712 775 819 effingi
795 741 915 819 queat,
949 742 1022 821 quo
1045 717 1151 821 posteo
1172 718 1238 795 clior

240 810 613 919 semperetnecclsaric
634 813 868 919 subsequatur,
902 842 962 895 aua
977 816 1237 919 deniqnetaliain

242 912 381 992 diuerlia
398 913 584 997 subllantiia
598 942 719 995 mutua
734 919 852 997 relatio
868 918 1053 1019 cogitabilis
1069 918 1121 1007 st.
1146 916 1239 997 seruo
1256 980 1257 1003 2

242 1014 326 1097 dum
341 1044 446 1123 quam
468 1020 708 1099 determinatio
721 1020 831 1121 aliqua
846 1026 943 1095 roiua
959 1018 1118 1097 oisellum
1133 1022 1240 1121 prodo·
1256 1066 1257 1117 3

208 1156 212 1163 ·
242 1126 338 1198 citio
356 1121 477 1217 altera,
504 1128 624 1197 etrier
640 1116 746 1195 versat
774 1146 888 1217 tameo
905 1148 944 1197 ex
957 1120 1239 1201 laiacemen'acoo

237 1218 393 1325 captibus
406 1217 573 1297 obiesliua
586 1219 639 1297 vel
655 1216 869 1315 substantiae,
901 1219 954 1296 vcl
973 1216 1180 1313 causalitatit,
1196 1222 1238 1297 rel

108 1354 111 1359 ·
236 1321 390 1424 dentque
405 1326 601 1401 commercii
615 1319 870 1395 lubllantiatum
884 1328 996 1398 mutui
1011 1322 1141 1399 realiter
1155 1322 1242 1397 dedu

76 1458 83 1477 =
118 1430 121 1440 '
226 1428 273 1498 ·ei
297 1430 425 1524 nequit.
474 1421 527 1515 Ad
549 1420 640 1497 hanc
662 1423 997 1523 igituorprobandam
1013 1424 1242 1499 ostendendum

224 1546 333 1612 :crat,
374 1528 409 1599 in
428 1519 526 1615 laiteo
541 1523 771 1625 conceptione·
783 1522 996 1599 neeessariam
1016 1522 1164 1599 exhiberi
1179 1546 1244 1626 per·

221 1624 440 1726 ceptionum
459 1625 661 1731 relationem
684 1650 703 1697 a
725 1630 848 1735 priori,
883 1622 950 1701 llne
964 1626 1135 1725 quanulla
1148 1631 1246 1699 omni·

190 1761 193 1766 ·
220 1749 291 1799 ‘no
312 1730 519 1827 experientia
531 1721 699 1826 possibilia
714 1728 820 1817 rotet,
848 1726 880 1799 ld
895 1730 989 1827 quod
1005 1732 1043 1815 in
1054 1725 1246 1803 deduslione

108 1848 116 1857 '
169 1847 172 1854 ’
221 1820 365 1911 ,summi
386 1824 660 1926 propostionum
676 1820 1111 1925 suodametrtalium¹quoad
1127 1828 1247 1901 relatio

225 1950 324 2001 ¹rtem
344 1930 500 2025 principii
521 1921 651 1999 stilum
675 1923 731 1999 cll
763 1921 881 2017 (conf.
905 1926 1046 2001 ltttiurec
1066 1937 1249 2027 Apotomcr

117 2080 127 2089 .
181 2036 186 2046 ·
224 2029 314 2103 No.
329 2033 365 2120 a)
379 2026 412 2122 ᾗ.
432 2051 446 2100 t
465 2064 514 2085 -
530 2030 589 2119 4.“)
613 2028 820 2125 Quicunque
830 2050 914 2101 uero
930 2050 1116 2126 conceptue
1129 2026 1171 2101 ele
1184 2026 1248 2101 luo·

240 2124 438 2199 slanriarum
461 2130 607 2213 naturis,
642 2126 783 2215 ritibus,
809 2148 868 2199 aut
883 2132 1114 2213 commerciis,
1139 2124 1181 2200 ste
1197 2152 1250 2228 po·

223 2231 309 2301 'eiua
325 2227 375 2300 rel
390 2224 486 2300 aliter
503 2224 753 2312 determinatio,
779 2224 889 2325 qualia
904 2219 980 2300 stant
994 2252 1012 2316 a
1028 2220 1158 2300 feruida
1173 2252 1251 2328 quo

74 2410 78 2416 ⁶
185 2379 192 2388 -
239 2324 400 2402 rumdam
424 2329 665 2423 imaginatione
685 2349 870 2424 ereogttata
891 2325 934 2400 de
959 2325 1142 2404 ho'tninum
1166 2353 1253 2400 eom·

225 2431 408 2500 .tatunionc
428 2426 537 2527 aliqua
560 2431 595 2498 in
614 2423 737 2500 diliana
765 2450 826 2526 per
845 2430 1088 2524 cogitationem
1111 2427 1256 2529 indeque

232 2526 396 2604 -cffeslam
418 2533 541 2602 interni
569 2521 680 2602 seol'ua
700 2523 917 2603 affetiiootna
939 2551 998 2602 aut
1019 2526 1062 2601 de
1081 2521 1257 2603 substantia

238 2635 275 2702 in
291 2625 397 2728 l'patio
412 2626 576 2727 praesenti
590 2652 654 2701 nee
669 2653 750 2700 vero
760 2625 873 2730 ipsum
890 2623 1073 2702 secuudum
1096 2628 1257 2702 extensto·

238 2751 321 2801 nem
354 2727 550 2825 conrpleote
571 2751 785 2819 romtnenra,
823 2734 1003 2804 autoritate
1022 2743 1140 2804 carent
1160 2753 1257 2830 expe·

161 2841 164 2845 ’
226 2829 398 2916 -ricntiae,
425 2852 488 2900 nee
503 2853 582 2900 cum
598 2827 738 2928 ipla'aut
753 2853 771 2904 a
785 2832 890 2928 priori
904 2851 941 2902 vt
955 2825 1108 2926 ciusdem
1126 2825 1257 2914 sormac

81 2971 85 2979 ·
142 2993 147 3003 .
223 2923 437 3003 sneceffaoae
457 2925 564 3023 (stuc
584 2927 880 3026 praedicamenta)
901 2951 960 3003 aut
973 2954 991 3001 a
1004 2925 1186 3028 posteriori
1186 2951 1257 3102 per

1228 3053 1257 3100 n·

76 3053 81 3062 ·
120 3050 123 3054 ·
225 3023 459 3102 -sensationem
475 3025 679 3120 cohaerent,
705 3023 741 3102 lai
756 3033 901 3104 omuino
914 3053 979 3129 pro
994 3033 1087 3103 varrit
1102 3031 1124 3101 it
1139 3052 1172 3109 c.

224 3127 404 3304 ,piamento
440 3125 660 3231 pollebilitatit
697 3133 843 3204 otnnino
878 3129 1069 3206 carentibut
1110 3127 1257 3205 habena

251 3252 328 3305 unc.-
1107 3269 1112 3280 ·

339 3323 485 3404 Videtur
524 3323 664 3426 quidem
692 3323 888 3429 possibilitas
922 3323 1081 3428 trianguli
1118 3352 1161 3402 ea
1194 3322 1257 3428 ipse

238 3425 392 3509 eiusdem
412 3451 582 3528 conceptu
603 3427 694 3502 nulla
716 3427 867 3504 adhibita
882 3433 1086 3530 experientia
1101 3424 1257 3528 cognose

225 3579 229 3588 .
237 3524 350 3629 polse;
383 3551 419 3602 ct
438 3526 471 3598 itl
492 3527 631 3626 quidem
646 3553 738 3602 extra
752 3553 894 3604 ornnem
910 3532 1162 3606 dubitationem
1173 3523 1257 3631 'pose

159 3675 163 3683 ·
237 3649 314 3703 turn
337 3625 401 3720 cll,
442 3625 537 3726 polle
562 3634 743 3726 conceptui
765 3629 919 3730 trianguli
940 3627 1116 3705 obieslum
1150 3629 1226 3704 dari
1251 3655 1257 3702 t

127 3777 138 3792 ·
237 3734 362 3828 priori,
403 3727 437 3800 id
459 3725 554 3827 quod
576 3725 770 3804 construere
797 3731 1004 3832 triangulum
1034 3731 1257 3836 appellamur

236 3833 488 3902 Verumtamen
509 3825 683 3927 haee'ipla
704 3855 808 3931 quam
830 3829 1119 3908 secoollruitrtut
1134 3839 1257 3908 lorrna

70 3943 75 3954 ·
236 3920 370 4028 semper
391 3949 509 4000 tamen
530 3953 667 4001 merum
689 3935 938 4029 imaginationic
960 3955 1021 4005 eno
1036 3927 1152 4024 soret,
1181 3935 1257 4005 ciue

225 4047 306 4128 ¹que
325 4023 520 4131 possibiliter
541 4027 644 4108 dubia
666 4053 827 4129 maneret,
841 4055 967 4136 atque,
996 4029 1057 4108 nili
1078 4055 1257 4212 eonapeptt

1065 4187 1074 4214 .
1178 4155 1257 4236 rqur
