2550 4550
425 412 649 432 Ἣ

21 566 115 637 enim
138 549 287 627 inuoluit
299 531 502 649 'anticipatio
513 552 608 655 quod
623 560 835 633 Graecorum
850 560 1042 657 προληψις,

22 688 88 761 qua
106 664 146 731 in
169 682 292 756 genere
305 656 338 728 id
353 654 588 755 desgnabant‚
611 656 706 757 quod
721 656 763 733 de
776 656 911 733 obicllo
926 660 1046 753 corgni-¹

22 765 147 845 tronis,
171 762 368 857 ceteroquin
384 762 584 856 empiricae,
608 784 629 830 a
652 763 755 857 priori
772 755 926 857 cognosci
941 778 1044 857 atque

22 863 245 937 decenninari
267 855 385 955 potest
435 866 550 958 Quam
573 858 711 958 quidem
725 866 902 965 προληψιν
916 864 1045 955 impro-

21 968 109 1041 lant
123 965 215 1033 Baco
229 958 460 1047 Verulatniut,
484 964 584 1034 antici
610 964 760 1033 ationem
778 984 853 1033 earn
875 984 974 1033 vocat
989 982 1046 1031 na·

23 1065 389 1157 incarnationem.
406 1059 477 1133 Lib.
490 1066 516 1135 1.
532 984 622 1161 apl.
642 1064 718 1151 26.)
744 1084 886 1161 remque
900 1084 1044 1135 temera·
1103 1056 1108 1067 '

22 1176 112 1241 riam
136 1161 217 1236 dicit
238 1158 301 1235 csse
321 1185 355 1236 et
377 1167 639 1247 praematulam.
690 1167 734 1236 Et
756 1168 827 1235 iure
849 1162 985 1261 quidem
1000 1158 1045 1235 llc
1076 1246 1080 1254 ¹

23 1260 255 1370 philosophus
268 1260 441 1336 acutilsml
457 1258 532 1337 sane
547 1268 691 1363 ingenii;
718 1260 760 1337 cle
773 1260 973 1335 rebutenlm
984 1283 1046 1361 pet

23 1378 70 1459 lle,
101 1358 456 1465 quasillespcllaltat,
481 1360 669 1436 discrimine
690 1370 777 1437 inter
790 1360 922 1438 obiesla
937 1387 999 1462 per
1012 1356 1046 1436 se

23 1500 55 1545 et
70 1490 202 1541 corum
215 1464 281 1537 lem
304 1462 544 1564 phaenomena
558 1462 714 1537 nondum
732 1462 858 1566 polleo,
884 1488 947 1537 nec
961 1460 1046 1537 iudi·

24 1594 105 1645 tire
133 1563 258 1667 aliquid
288 1592 350 1639 net
378 1570 560 1669 anticipare
590 1566 668 1639 licet
697 1572 852 1644 omnino.
902 1570 936 1641 Si
961 1586 1047 1639 vero

24 1674 70 1748 tsl
108 1664 251 1769 aliquid,
302 1666 395 1767 qums
427 1667 470 1742 de
494 1668 591 1756 reali,
643 1662 698 1740 seu
732 1672 872 1741 materia
894 1666 1080 1767 pharao·-

24 1765 154 1857 niens*
173 1794 261 1867 quae
282 1764 466 1843 sensatione
488 1775 689 1869 percipitur,
722 1764 877 1867 cognosci
900 1762 1047 1869 possete

22 1876 135 1975 priori
149 1868 374 1963 (nullaadltuc
384 1864 567 1944 sensatione
580 1866 752 1963 indiuidua
766 1868 869 1958 data),
885 1866 984 1956 hanc,
999 1872 1048 1941 in·
1168 1893 1170 1897 ¹
1210 1909 1213 1917 ι

24 1998 146 2072 quarn,
157 1976 387 2066 cognitionem
404 1976 477 2047 iure
488 1974 739 2067 anticipationem
746 1968 892 2071 aliquam
908 1992 1048 2073 percep·
1168 2027 1170 2033 .

24 2078 132 2149 tionis
146 2096 267 2147 rotare
285 2070 452 2145 videmur.

121 2179 179 2249 De
200 2170 269 2246 lanc
289 2196 404 2247 autem
435 2170 531 2265 reali,
556 2171 650 2276 quod
666 2168 881 2249 subiesliutm
896 2176 930 2246 in
948 2168 1049 2247 nobit

24 2280 150 2352 excitat
167 2269 405 2364 sensationem,
454 2302 542 2376 quae
563 2277 605 2351 de
626 2273 775 2351 subsello
798 2272 912 2352 nollro
934 2272 1048 2373 aliquo

25 2375 138 2451 modo
161 2373 283 2448 adello
306 2381 467 2448 coniuret
487 2400 550 2448 noa
573 2371 670 2466 satit,
696 2373 787 2450 etad
802 2373 973 2450 oltieslum
990 2374 1049 2447 ali·
1096 2443 1100 2454 ,

25 2478 125 2576 qnod
141 2471 309 2566 refertur,
333 2475 366 2548 id
382 2475 524 2549 dttimut
539 2477 674 2550 iudicari
690 2475 938 2581 posseaptiuri,
953 2471 1050 2576 quod

26 2584 254 2677 quantitatem
295 2576 418 2652 lrabeat
448 2575 660 2655 intensruam.
710 2579 853 2653 Realitat
886 2581 978 2652 enim
1012 2581 1050 2653 in

27 2681 307 2782 praedicamento
359 2684 449 2752 rimo
474 2682 641 2782 qualitatis
667 2677 810 2782 expressa
832 2682 970 2780 eogitari
992 2701 1052 2754 ne·

26 2788 123 2878 quir,
149 2779 208 2854 nifi
226 2805 289 2879 ptr
303 2704 437 2855 seluemo
450 2781 886 2884 complementitemporit,
912 2787 933 2856 i.
949 2803 1051 2881 oper

27 2881 243 2956 iucccslr'uam
265 2883 360 2955 realia
382 2881 424 2956 ad
446 2877 574 2956 sensum
589 2891 761 2959 internum
777 2883 1050 2984 applicationem,

29 2983 116 3056 dum
137 2981 259 3058 scilicet
273 2983 315 3055 ab
330 3007 369 3057 ca
383 3009 451 3096 (pua
464 2978 594 3058 sensum
610 2982 712 3059 allicit
725 2989 757 3057 ri
774 2989 988 3086 incipientes,
1014 2987 1051 3058 ln

30 3109 190 3186 tempore
206 3083 367 3186 usquead
383 3078 572 3159 sensationit
585 3081 758 3162 deseslum
773 3103 815 3143 =
828 3111 851 3158 o
868 3082 936 3158 siue
950 3107 1052 3182 nega·

32 3193 165 3260 tionem
181 3211 245 3287 pet
259 3183 382 3284 gradun
396 3184 645 3288 progredimur.
695 3185 937 3289 Quodcunque
950 3189 1052 3286 igitur
1213 3202 1215 3208 ’

34 3285 97 3360 sub
110 3285 388 3390 praedicamento
415 3287 571 3361 realitatia
602 3285 926 3392 comprehensibile,
963 3291 999 3360 i.
1019 3311 1054 3368 c.
1091 3369 1096 3384 ,

2 3474 5 3497 ‚
32 3411 142 3463 ontne
162 3385 271 3478 reale,
295 3411 359 3487 per
377 3381 544 3489 synesacsm
566 3389 808 3488 complctiuam
833 3391 999 3490 temporit
1017 3392 1055 3464 in

3 3538 4 3545 κ
32 3484 220 3564 sensatione
246 3493 416 3590 pereipi,'
444 3493 467 3568 i.
497 3513 527 3564 e.
549 3485 725 3564 suceelsuo
749 3493 783 3564 in
803 3485 895 3565 sensu
918 3495 1053 3564 interno

3 3790 4 3795 p
34 3585 1057 3802 {millii-¹„ltlssaillltlllif⁰iiillzl

3 3824 5 3835 ν
36 3790 78 3864 ad
91 3790 308 3868 durationem
324 3796 415 3866 raria
428 3791 493 3882 esl,
518 3791 570 3867 vel
586 3791 723 3892 longior
736 3793 788 3868 rel
803 3793 957 3884 breuior,
976 3817 1057 3895 gra·

35 3896 108 3966 dun
129 3890 342 3994 appellamur
359 3895 561 3995 iumsttmit,
586 3918 693 3992 quem
711 3895 808 3968 omni
823 3892 902 3969 reali
917 3889 1059 3970 necessa·

35 3996 84 4068 tie
104 3990 327 4069 tribuendum
350 3989 415 4068 elle
436 4018 499 4094 per
521 3989 552 4067 so
566 4016 671 4095 patet.
720 3998 803 4070 Hoc
818 3997 919 4092 igitur
932 3991 1066 4068 iuditio·
1160 4009 1163 4016 ’

37 4086 229 4191 synthetico
264 4096 390 4170 ltctuaa
429 4091 648 4190 intelligimtn'
685 4091 771 4171 nllail
796 4091 887 4170 aliod
914 4093 1059 4191 exprimi
1114 4120 1118 4126 ·

540 4196 618 4281 lia
946 4209 1064 4288 quam,
