2550 4550
199 312 287 406 55⁶
611 256 855 365 m‘
945 348 947 353 ·

204 486 470 573 libertarehaod
484 512 694 595 congruam,
718 485 905 566 sectandum
917 484 1010 590 iege·
1024 480 1231 565 oromieere·
1273 455 1275 480 ‘

210 616 287 695 gat,
312 582 575 691 etriu'iirrara,
601 597 721 691 inqua
736 588 981 679 iniuideam,
1014 590 1112 661 coioa
1129 576 1234 660 eauffi

196 714 370 771 -naturaor
383 716 527 769 omnem
542 689 778 767 rationabilem
794 686 943 777 existere
956 712 1020 790 per
1033 688 1149 785 legam
1163 706 1235 757 mo·

209 793 318 872 raiena
338 788 486 883 constat,
519 792 727 869 obtineatur.
776 790 851 869 Eiie
871 786 973 888 igitur
992 792 1112 866 Deum
1131 806 1172 860 ee
1191 786 1236 857 ri·

135 958 143 977 ,
210 886 462 971 tarn'foeoraor
482 892 672 986 credimur,
698 896 863 1003 qnoniam
885 892 996 991 legem
1016 889 1181 961 iibereaeir
1194 880 1236 957 ad

101 1066 109 1081 .
210 992 384 1096 exemplar
398 990 521 1069 mundi
535 994 675 1073 moralia
688 990 855 1089 regendae
870 992 972 1065 iatam
988 984 1089 1063 nobie
1102 979 1237 1061 effe'sci·

212 1118 335 1175 .··rao
384 1096 477 1171 riori.
528 1098 626 1171 Haec
644 1105 726 1171 vero
749 1092 834 1169 fider
852 1090 992 1169 moralia
1012 1086 1113 1165 iirtna
1135 1084 1184 1162 eii
1204 1106 1237 1161 er

66 1210 69 1216 '
191 1201 360 1272 ·irnmota
385 1194 453 1288 iiia,
480 1219 663 1297 propterca
685 1193 779 1297 qood
801 1220 859 1285 ea,
885 1198 1008 1295 quibua
1030 1184 1238 1265 haneiidem

97 1828 103 1841 ⁴
216 1796 319 1903 ipfiur
332 1798 462 1896 legibue
482 1824 548 1874 nor
570 1824 590 1873 a

212 1298 355 1387 damur,
380 1300 522 1373 rationi·
544 1298 679 1372 decreta
704 1297 937 1372 conditionem
963 1297 1160 1387 continent,
1181 1285 1238 1365 sub

240 1424 284 1473 oa
296 1392 365 1473 ioia
378 1402 425 1489 ia,
450 1398 555 1497 qoem
571 1394 751 1475 neceiiario
767 1387 1239 1492 efficidebereengnoscinrm,

197 1426 293 1578 ,inis
324 1522 405 1575 vere
431 1496 614 1596 aiiqoando
645 1494 756 1597 potest
790 1500 949 1583 obtineri.
1000 1500 1118 1599 Quem
1141 1496 1241 1593 igitur

214 1594 355 1704 pestate
384 1600 535 1696 gerimor
563 1600 737 1675 mondum
763 1598 930 1673 moralem
952 1593 1137 1699 aliquando
1158 1588 1242 1668 effici

216 1698 343 1775 debere
365 1698 485 1777 eadern
501 1696 768 1871 radogrostoiae,
793 1724 883 1801 quae
895 1706 964 1774 iam
986 1695 1081 1773 hicce
1095 1701 1132 1773 in
1147 1696 1243 1772 tenir

615 1798 762 1901 stringit3
788 1826 893 1903 quare
906 1822 994 1903 quae
1008 1805 1106 1874 rniea
1121 1796 1169 1873 est
1182 1794 1244 1868 ho·

120 1983 122 1987 v
195 1907 311 1981 giuace
325 1924 404 1977 rere
419 1898 644 1975 constituendi
657 1897 827 1991 conditio,
854 1926 893 1979 ea
908 1900 950 1975 ab
964 1908 1062 1973 ornni
1079 1922 1161 1973 ente
1175 1918 1243 1969 mo·

218 1998 280 2078 roii
302 1994 405 2073 fidem
430 1995 488 2073 srbi
504 1996 652 2099 postulae
665 2024 794 2075 certam
810 2024 845 2077 ee
859 1994 1142 2088 rrieuocandem·
1163 2020 1244 2098 qno·

127 2107 130 2114 '
218 2104 313 2177 niam
334 2096 424 2170 nulia
449 2123 600 2199 vnquarn
616 2100 696 2194 alia,
722 2094 781 2175 sub
802 2126 870 2203 qua
885 2098 1038 2175 summor
1055 2123 1197 2175 naturae
1210 2092 1245 2167 fi-

198 2204 272 2278 .nia
287 2196 433 2275 obtineri
449 2196 567 2302 poiiit,
593 2207 722 2304 poterit
734 2208 924 2304 excogitari.
974 2204 1132 2278 Dubium
1146 2204 1244 2298 igitur

66 2397 70 2415 .
197 2300 321 2389 iilud,
355 2297 449 2400 qood
477 2307 512 2375 in
536 2297 603 2380 iide
623 2327 695 2378 tam
717 2311 922 2407 pragmatica
943 2329 1050 2424 qoam
1071 2299 1246 2376 dodirinaii

218 2397 386 2506 superest,
412 2396 533 2478 scilicet
553 2399 647 2504 poss'e
667 2403 746 2480 aliar
761 2432 781 2480 a
795 2404 1030 2510 perspicaciori
1052 2408 1192 2502 ingenio
1212 2397 1246 2472 fi·

221 2509 275 2583 nir
298 2501 474 2577 obtinendi
497 2505 711 2583 conditiones
732 2511 932 2606 excogitari,
979 2529 1039 2582 aut
1067 2501 1246 2582 restiorern

41 2611 56 2684 .’
221 2603 549 2707 piraenonrcoorurn
579 2607 768 2684 theoretice
797 2605 1075 2710 explicandorum
1105 2605 1246 2678 modurn

86 2733 116 2757 ›·
222 2707 387 2794 inueniri,
413 2709 448 2778 in
470 2703 560 2782 hanc
584 2703 690 2784 fidem
714 2709 881 2784 moraicm
905 2713 1051 2784 omnino
1065 2704 1139 2780 non¹
1154 2704 1246 2778 eadie

91 2809 98 2834 '
223 2817 295 2888 Aut
309 2809 402 2880 enim
413 2801 543 2883 hiceii'e
558 2832 617 2886 aut
632 2807 1112 2916 nuiiibi,..quodqoaerimor.
1139 2803 1247 2884 ieron·

224 2907 309 2984 dom
333 2911 499 3010 principia
512 2915 654 2985 rationis
669 2908 844 2990 efl'ediibua
866 2917 1020 3014 expetitio
1035 2907 1160 2988 oaoii'aa
1174 2931 1248 2986 eon·

225 3005 626 3108 uenieneeaaiiignantia,
652 3013 947 3116 aprioriconstae.
1006 3039 1013 3078 r

326 3107 434 3188 Haud
458 3115 560 3210 igitur
568 3111 655 3214 scire
669 3140 735 3193 noa
750 3113 875 3219 aliquid
890 3115 933 3192 de
948 3121 1028 3192 Deo
1044 3137 1104 3191 aot
1117 3115 1186 3189 rica
1200 3103 1247 3183 fu·

226 3233 321 3304 tora,
349 3211 428 3288 iicet
451 3213 604 3313 gloriari3
648 3214 691 3292 'in
710 3219 779 3295 hoc
802 3223 895 3294 eninr
915 3223 1108 3320 arrogantia
1128 3211 1177 3292 est
1196 3209 1248 3287 de·

227 3311 483 3392 monstrationir
497 3313 737 3419 inoculatione,
761 3317 816 3398 scd
832 3318 976 3402 firmiter
989 3313 1248 3398 nositacredcre

229 3441 264 3500 et
289 3417 528 3496 certitudinem
550 3417 637 3496 haec
656 3427 743 3501 circa
767 3421 930 3524 dogmata
944 3421 1111 3500 moraiern
1127 3419 1249 3496 habere

179 3598 181 3601 ,
228 3517 412 3595 dicendam
427 3516 484 3594 on.
536 3525 634 3596 Haeo
648 3527 821 3596 animnorr
838 3523 1043 3598 obiriir'tram
1052 3525 1197 3616 aliquam
1205 3541 1250 3588 ra·

229 3635 309 3690 rom
324 3617 553 3713 experientiae
570 3617 748 3714 regionem
764 3617 997 3692 excedentium
1012 3621 1251 3715 cognitionem,

230 3707 285 3794 fed
301 3737 586 3807 neaomeumeo,
600 3715 695 3817 qood
711 3714 862 3818 respodiu
872 3712 1252 3819 pradiicoccrtomcstet

229 3810 381 3890 absoiore
396 3819 605 3918 imperator,
620 3817 711 3922 (iege
725 3819 862 3916 morali)
876 3819 1093 3896 necessarium
1108 3820 1251 3919 requirio

231 3912 1253 4026 Obuiaaotcmqoamoirriernicuiquerationepraeditocrad

77 4052 79 4057 ’
231 4022 498 4128 vniuocrriutque
522 4017 687 4102 assensum
711 4023 926 4108 excitandum
942 4023 1080 4134 prorsus
1094 4020 1253 4099 sufficiens

1175 4119 1254 4197 hace
