<?xml version="1.0" encoding="UTF-8"?>
<!DOCTYPE html PUBLIC "-//W3C//DTD XHTML 1.0 Transitional//EN"
    "http://www.w3.org/TR/xhtml1/DTD/xhtml1-transitional.dtd">
<html xmlns="http://www.w3.org/1999/xhtml" xml:lang="en" lang="en">
 <head>
  <title>
</title>
<meta http-equiv="Content-Type" content="text/html;charset=utf-8" />
  <meta name='ocr-system' content='tesseract 3.04.00' />
  <meta name='ocr-capabilities' content='ocr_page ocr_carea ocr_par ocr_line ocrx_word'/>
</head>
<body>
  <div class='ocr_page' id='page_1' title='image "./philosophiaecri00schmgoog_0395.png"; bbox 0 0 2550 4550; ppageno 0'>
   <div class='ocr_carea' id='block_1_1' title="bbox 390 382 1015 505">
    <p class='ocr_par' dir='ltr' id='par_1_1' title="bbox 390 382 1015 505">
     <span class='ocr_line' id='line_1_1' title="bbox 390 382 1015 505; baseline 0.003 -2"><span class='ocrx_word' id='word_1_1' title='bbox 390 422 612 453; x_wconf 90' lang='grc'><em>········</em></span> <span class='ocrx_word' id='word_1_2' title='bbox 942 382 1015 505; x_wconf 66' lang='lat' dir='ltr'>siz·</span> 
     </span>
    </p>
   </div>
   <div class='ocr_carea' id='block_1_2' title="bbox 391 454 611 473">
    <p class='ocr_par' dir='ltr' id='par_1_2' title="bbox 391 454 611 473">
     <span class='ocr_line' id='line_1_2' title="bbox 391 454 611 473; baseline 0 0"><span class='ocrx_word' id='word_1_3' title='bbox 391 454 611 473; x_wconf 53' lang='grc' dir='ltr'><strong>βαι-...ὴ-</strong></span> 
     </span>
    </p>
   </div>
   <div class='ocr_carea' id='block_1_3' title="bbox 25 594 1082 1003">
    <p class='ocr_par' dir='ltr' id='par_1_3' title="bbox 25 594 1082 1003">
     <span class='ocr_line' id='line_1_3' title="bbox 27 594 1071 705; baseline 0 -34"><span class='ocrx_word' id='word_1_4' title='bbox 27 594 133 671; x_wconf 83' lang='lat' dir='ltr'>infinita</span> <span class='ocrx_word' id='word_1_5' title='bbox 147 598 296 697; x_wconf 81' lang='lat' dir='ltr'>&#39;patrium</span> <span class='ocrx_word' id='word_1_6' title='bbox 316 595 533 676; x_wconf 83' lang='lat' dir='ltr'>multitudine</span> <span class='ocrx_word' id='word_1_7' title='bbox 556 602 751 705; x_wconf 75' lang='lat' dir='ltr'>reponitur,</span> <span class='ocrx_word' id='word_1_8' title='bbox 783 594 1012 701; x_wconf 79' lang='lat' dir='ltr'>compositura</span> <span class='ocrx_word' id='word_1_9' title='bbox 1067 641 1071 650; x_wconf 93' lang='lat'>·</span> 
     </span>
     <span class='ocr_line' id='line_1_4' title="bbox 27 696 1012 803; baseline 0 -30"><span class='ocrx_word' id='word_1_10' title='bbox 27 722 168 797; x_wconf 78' lang='lat' dir='ltr'>conceptu</span> <span class='ocrx_word' id='word_1_11' title='bbox 188 705 298 773; x_wconf 80' lang='lat' dir='ltr'>maior</span> <span class='ocrx_word' id='word_1_12' title='bbox 319 696 382 773; x_wconf 80' lang='lat' dir='ltr'>else</span> <span class='ocrx_word' id='word_1_13' title='bbox 407 706 602 792; x_wconf 70' lang='lat' dir='ltr'>inuenietis,</span> <span class='ocrx_word' id='word_1_14' title='bbox 640 704 803 803; x_wconf 85' lang='lat' dir='ltr'>quoniam</span> <span class='ocrx_word' id='word_1_15' title='bbox 825 721 1012 801; x_wconf 77' lang='lat' dir='ltr'>conceptue</span> 
     </span>
     <span class='ocr_line' id='line_1_5' title="bbox 25 796 1010 900; baseline 0.003 -27"><span class='ocrx_word' id='word_1_16' title='bbox 25 804 177 897; x_wconf 76' lang='lat' dir='ltr'>empiricos</span> <span class='ocrx_word' id='word_1_17' title='bbox 199 796 380 896; x_wconf 66' lang='lat' dir='ltr'>repressum</span> <span class='ocrx_word' id='word_1_18' title='bbox 404 800 575 875; x_wconf 85' lang='lat' dir='ltr'>infinitum</span> <span class='ocrx_word' id='word_1_19' title='bbox 596 809 630 873; x_wconf 87' lang='lat' dir='ltr'>in</span> <span class='ocrx_word' id='word_1_20' title='bbox 646 800 807 877; x_wconf 86' lang='lat' dir='ltr'>diuisione</span> <span class='ocrx_word' id='word_1_21' title='bbox 823 824 893 875; x_wconf 87' lang='lat' dir='ltr'>non</span> <span class='ocrx_word' id='word_1_22' title='bbox 909 804 1010 900; x_wconf 83' lang='lat' dir='ltr'>capit.</span> 
     </span>
     <span class='ocr_line' id='line_1_6' title="bbox 25 900 1082 1003; baseline 0.001 -31"><span class='ocrx_word' id='word_1_23' title='bbox 25 908 55 972; x_wconf 85' lang='lat' dir='ltr'>ln</span> <span class='ocrx_word' id='word_1_24' title='bbox 75 900 201 1000; x_wconf 76' lang='lat' dir='ltr'>simplici</span> <span class='ocrx_word' id='word_1_25' title='bbox 222 902 331 1001; x_wconf 87' lang='lat' dir='ltr'>aliqua</span> <span class='ocrx_word' id='word_1_26' title='bbox 355 926 470 1002; x_wconf 85' lang='lat' dir='ltr'>parte,</span> <span class='ocrx_word' id='word_1_27' title='bbox 494 908 530 976; x_wconf 93' lang='lat' dir='ltr'>in</span> <span class='ocrx_word' id='word_1_28' title='bbox 550 926 617 1003; x_wconf 83' lang='lat' dir='ltr'>qua</span> <span class='ocrx_word' id='word_1_29' title='bbox 631 900 747 975; x_wconf 80' lang='lat' dir='ltr'>diullio</span> <span class='ocrx_word' id='word_1_30' title='bbox 762 908 1011 993; x_wconf 79' lang='lat' dir='ltr'>terminaretur,</span> <span class='ocrx_word' id='word_1_31' title='bbox 1077 906 1082 914; x_wconf 81' lang='grc'><em>“</em></span> 
     </span>
    </p>
   </div>
   <div class='ocr_carea' id='block_1_4' title="bbox 24 998 1170 1105">
    <p class='ocr_par' dir='ltr' id='par_1_4' title="bbox 24 998 1170 1105">
     <span class='ocr_line' id='line_1_7' title="bbox 24 998 1170 1105; baseline 0.003 -32"><span class='ocrx_word' id='word_1_32' title='bbox 24 998 222 1089; x_wconf 79' lang='lat' dir='ltr'>subsilenter,</span> <span class='ocrx_word' id='word_1_33' title='bbox 268 1002 440 1076; x_wconf 69' lang='lat' dir='ltr'>obiceiurn</span> <span class='ocrx_word' id='word_1_34' title='bbox 465 1028 634 1105; x_wconf 81' lang='lat' dir='ltr'>conceptu</span> <span class='ocrx_word' id='word_1_35' title='bbox 664 1008 776 1077; x_wconf 82' lang='lat' dir='ltr'>minut</span> <span class='ocrx_word' id='word_1_36' title='bbox 797 1009 876 1093; x_wconf 87' lang='lat' dir='ltr'>erit,</span> <span class='ocrx_word' id='word_1_37' title='bbox 926 1000 1011 1077; x_wconf 86' lang='lat' dir='ltr'>haee</span> <span class='ocrx_word' id='word_1_38' title='bbox 1157 1026 1170 1047; x_wconf 89' lang='lat'><strong>·</strong></span> 
     </span>
    </p>
   </div>
   <div class='ocr_carea' id='block_1_5' title="bbox 20 1097 1094 1407">
    <p class='ocr_par' dir='ltr' id='par_1_5' title="bbox 20 1097 1094 1407">
     <span class='ocr_line' id='line_1_8' title="bbox 24 1097 1050 1206; baseline 0.002 -31"><span class='ocrx_word' id='word_1_39' title='bbox 24 1108 99 1175; x_wconf 79' lang='lat' dir='ltr'>tuine</span> <span class='ocrx_word' id='word_1_40' title='bbox 117 1097 179 1202; x_wconf 88' lang='lat' dir='ltr'>ipsa</span> <span class='ocrx_word' id='word_1_41' title='bbox 197 1126 275 1203; x_wconf 79' lang='lat' dir='ltr'>part</span> <span class='ocrx_word' id='word_1_42' title='bbox 295 1103 429 1179; x_wconf 83' lang='lat' dir='ltr'>redata</span> <span class='ocrx_word' id='word_1_43' title='bbox 449 1108 484 1177; x_wconf 91' lang='lat' dir='ltr'>in</span> <span class='ocrx_word' id='word_1_44' title='bbox 504 1100 611 1206; x_wconf 89' lang='lat' dir='ltr'>spatio</span> <span class='ocrx_word' id='word_1_45' title='bbox 633 1099 700 1204; x_wconf 91' lang='lat' dir='ltr'>ipsa</span> <span class='ocrx_word' id='word_1_46' title='bbox 721 1126 831 1205; x_wconf 83' lang='lat' dir='ltr'>parter</span> <span class='ocrx_word' id='word_1_47' title='bbox 845 1102 1010 1205; x_wconf 80' lang='lat' dir='ltr'>quasdam</span> <span class='ocrx_word' id='word_1_48' title='bbox 1043 1154 1050 1166; x_wconf 83' lang='lat'><strong>·</strong></span> 
     </span>
     <span class='ocr_line' id='line_1_9' title="bbox 23 1202 1094 1328; baseline 0.004 -53"><span class='ocrx_word' id='word_1_49' title='bbox 23 1202 173 1278; x_wconf 80' lang='lat' dir='ltr'>tontinere</span> <span class='ocrx_word' id='word_1_50' title='bbox 194 1203 410 1306; x_wconf 80' lang='lat' dir='ltr'>supponitur,</span> <span class='ocrx_word' id='word_1_51' title='bbox 450 1205 484 1280; x_wconf 90' lang='lat' dir='ltr'>id</span> <span class='ocrx_word' id='word_1_52' title='bbox 506 1207 600 1309; x_wconf 86' lang='lat' dir='ltr'>quod</span> <span class='ocrx_word' id='word_1_53' title='bbox 622 1202 821 1307; x_wconf 81' lang='lat' dir='ltr'>simplicitati</span> <span class='ocrx_word' id='word_1_54' title='bbox 843 1202 1010 1281; x_wconf 75' lang='lat' dir='ltr'>absolutae</span> <span class='ocrx_word' id='word_1_55' title='bbox 1091 1320 1094 1328; x_wconf 25' lang='grc' dir='ltr'>Ι</span> 
     </span>
     <span class='ocr_line' id='line_1_10' title="bbox 20 1330 174 1407; baseline 0.039 -30"><span class='ocrx_word' id='word_1_56' title='bbox 20 1330 174 1407; x_wconf 79' lang='lat' dir='ltr'>repugnat.</span> 
     </span>
    </p>
   </div>
   <div class='ocr_carea' id='block_1_6' title="bbox 107 1399 1178 1509">
    <p class='ocr_par' dir='ltr' id='par_1_6' title="bbox 107 1399 1178 1509">
     <span class='ocr_line' id='line_1_11' title="bbox 107 1399 1178 1509; baseline -0.004 -27"><span class='ocrx_word' id='word_1_57' title='bbox 107 1412 139 1497; x_wconf 80' lang='lat'>3)</span> <span class='ocrx_word' id='word_1_58' title='bbox 160 1411 194 1482; x_wconf 78' lang='lat' dir='ltr'>Si</span> <span class='ocrx_word' id='word_1_59' title='bbox 212 1404 415 1483; x_wconf 78' lang='lat' dir='ltr'>contenditir</span> <span class='ocrx_word' id='word_1_60' title='bbox 434 1415 552 1483; x_wconf 85' lang='lat' dir='ltr'>omnia</span> <span class='ocrx_word' id='word_1_61' title='bbox 571 1433 659 1509; x_wconf 88' lang='lat' dir='ltr'>quae</span> <span class='ocrx_word' id='word_1_62' title='bbox 679 1404 766 1483; x_wconf 83' lang='lat' dir='ltr'>fiunt</span> <span class='ocrx_word' id='word_1_63' title='bbox 789 1412 884 1481; x_wconf 76' lang='lat' dir='ltr'>unite</span> <span class='ocrx_word' id='word_1_64' title='bbox 899 1399 1012 1480; x_wconf 84' lang='lat' dir='ltr'>setun·</span> <span class='ocrx_word' id='word_1_65' title='bbox 1053 1470 1056 1479; x_wconf 93' lang='grc'><em>,</em></span> <span class='ocrx_word' id='word_1_66' title='bbox 1171 1451 1178 1464; x_wconf 91' lang='lat'><strong>·</strong></span> 
     </span>
    </p>
   </div>
   <div class='ocr_carea' id='block_1_7' title="bbox 17 1506 1111 2624">
    <p class='ocr_par' dir='ltr' id='par_1_7' title="bbox 17 1506 1111 2624">
     <span class='ocr_line' id='line_1_12' title="bbox 21 1506 1012 1607; baseline -0.001 -28"><span class='ocrx_word' id='word_1_67' title='bbox 21 1508 89 1580; x_wconf 81' lang='lat' dir='ltr'>lunt</span> <span class='ocrx_word' id='word_1_68' title='bbox 109 1510 198 1605; x_wconf 81' lang='lat' dir='ltr'>leger</span> <span class='ocrx_word' id='word_1_69' title='bbox 219 1532 358 1583; x_wconf 88' lang='lat' dir='ltr'>naturae</span> <span class='ocrx_word' id='word_1_70' title='bbox 380 1506 470 1600; x_wconf 81' lang='lat' dir='ltr'>seri,</span> <span class='ocrx_word' id='word_1_71' title='bbox 495 1533 577 1584; x_wconf 84' lang='lat' dir='ltr'>tunc</span> <span class='ocrx_word' id='word_1_72' title='bbox 596 1507 780 1584; x_wconf 85' lang='lat' dir='ltr'>secundum</span> <span class='ocrx_word' id='word_1_73' title='bbox 802 1509 912 1607; x_wconf 76' lang='lat' dir='ltr'>legem</span> <span class='ocrx_word' id='word_1_74' title='bbox 934 1530 1012 1579; x_wconf 83' lang='lat' dir='ltr'>ean·</span> 
     </span>
     <span class='ocr_line' id='line_1_13' title="bbox 21 1604 1084 1711; baseline -0.006 -31"><span class='ocrx_word' id='word_1_75' title='bbox 21 1611 85 1681; x_wconf 75' lang='lat' dir='ltr'>dem</span> <span class='ocrx_word' id='word_1_76' title='bbox 105 1616 241 1710; x_wconf 79' lang='lat' dir='ltr'>quaeuis</span> <span class='ocrx_word' id='word_1_77' title='bbox 261 1607 384 1700; x_wconf 82' lang='lat' dir='ltr'>caussa,</span> <span class='ocrx_word' id='word_1_78' title='bbox 423 1636 443 1683; x_wconf 92' lang='lat' dir='ltr'>a</span> <span class='ocrx_word' id='word_1_79' title='bbox 468 1636 535 1711; x_wconf 92' lang='lat' dir='ltr'>qua</span> <span class='ocrx_word' id='word_1_80' title='bbox 558 1608 797 1711; x_wconf 84' lang='lat' dir='ltr'>phaenomena</span> <span class='ocrx_word' id='word_1_81' title='bbox 816 1604 934 1683; x_wconf 87' lang='lat' dir='ltr'>tnundi</span> <span class='ocrx_word' id='word_1_82' title='bbox 957 1604 1013 1675; x_wconf 82' lang='lat' dir='ltr'>de·</span> <span class='ocrx_word' id='word_1_83' title='bbox 1080 1630 1084 1637; x_wconf 94' lang='lat'>·</span> 
     </span>
     <span class='ocr_line' id='line_1_14' title="bbox 19 1705 1051 1812; baseline 0.006 -31"><span class='ocrx_word' id='word_1_84' title='bbox 19 1712 140 1800; x_wconf 78' lang='lat' dir='ltr'>ducitis,</span> <span class='ocrx_word' id='word_1_85' title='bbox 164 1733 200 1783; x_wconf 86' lang='lat' dir='ltr'>vt</span> <span class='ocrx_word' id='word_1_86' title='bbox 219 1708 288 1812; x_wconf 89' lang='lat' dir='ltr'>ipsa</span> <span class='ocrx_word' id='word_1_87' title='bbox 307 1710 489 1811; x_wconf 79' lang='lat' dir='ltr'>aliquando</span> <span class='ocrx_word' id='word_1_88' title='bbox 508 1717 672 1811; x_wconf 77' lang='lat' dir='ltr'>incipiens</span> <span class='ocrx_word' id='word_1_89' title='bbox 693 1710 831 1785; x_wconf 88' lang='lat' dir='ltr'>alteram</span> <span class='ocrx_word' id='word_1_90' title='bbox 853 1705 1016 1811; x_wconf 67' lang='lat' dir='ltr'>supponit·</span> <span class='ocrx_word' id='word_1_91' title='bbox 1048 1707 1051 1713; x_wconf 55' lang='grc'><strong><em>’</em></strong></span> 
     </span>
     <span class='ocr_line' id='line_1_15' title="bbox 18 1808 1015 1915; baseline 0 -32"><span class='ocrx_word' id='word_1_92' title='bbox 18 1809 280 1910; x_wconf 81' lang='lat' dir='ltr'>praecedentem,</span> <span class='ocrx_word' id='word_1_93' title='bbox 329 1834 365 1888; x_wconf 84' lang='lat' dir='ltr'>et</span> <span class='ocrx_word' id='word_1_94' title='bbox 383 1810 428 1889; x_wconf 74' lang='lat' dir='ltr'>se</span> <span class='ocrx_word' id='word_1_95' title='bbox 447 1808 544 1889; x_wconf 84' lang='lat' dir='ltr'>serier</span> <span class='ocrx_word' id='word_1_96' title='bbox 565 1836 585 1888; x_wconf 90' lang='lat' dir='ltr'>a</span> <span class='ocrx_word' id='word_1_97' title='bbox 606 1836 702 1915; x_wconf 88' lang='lat' dir='ltr'>parte</span> <span class='ocrx_word' id='word_1_98' title='bbox 723 1814 827 1913; x_wconf 80' lang='lat' dir='ltr'>priori</span> <span class='ocrx_word' id='word_1_99' title='bbox 849 1816 885 1885; x_wconf 89' lang='lat' dir='ltr'>in</span> <span class='ocrx_word' id='word_1_100' title='bbox 906 1811 1015 1883; x_wconf 83' lang='lat' dir='ltr'>inlini·</span> 
     </span>
     <span class='ocr_line' id='line_1_16' title="bbox 18 1906 1015 2016; baseline 0.001 -31"><span class='ocrx_word' id='word_1_101' title='bbox 18 1940 79 1987; x_wconf 85' lang='lat' dir='ltr'>nnn</span> <span class='ocrx_word' id='word_1_102' title='bbox 98 1915 324 2016; x_wconf 85' lang='lat' dir='ltr'>protenditur.</span> <span class='ocrx_word' id='word_1_103' title='bbox 376 1920 489 1989; x_wconf 76' lang='lat' dir='ltr'>Huius</span> <span class='ocrx_word' id='word_1_104' title='bbox 512 1940 626 1991; x_wconf 84' lang='lat' dir='ltr'>autern</span> <span class='ocrx_word' id='word_1_105' title='bbox 648 1916 848 1990; x_wconf 85' lang='lat' dir='ltr'>totalitatem</span> <span class='ocrx_word' id='word_1_106' title='bbox 868 1906 1015 2015; x_wconf 77' lang='lat' dir='ltr'>regressu</span> 
     </span>
     <span class='ocr_line' id='line_1_17' title="bbox 17 2020 862 2119; baseline 0.004 -34"><span class='ocrx_word' id='word_1_107' title='bbox 17 2021 98 2089; x_wconf 83' lang='lat' dir='ltr'>omni</span> <span class='ocrx_word' id='word_1_108' title='bbox 112 2021 276 2115; x_wconf 77' lang='lat' dir='ltr'>empirica</span> <span class='ocrx_word' id='word_1_109' title='bbox 288 2021 455 2091; x_wconf 83' lang='lat' dir='ltr'>maiorem</span> <span class='ocrx_word' id='word_1_110' title='bbox 471 2042 655 2117; x_wconf 74' lang='lat' dir='ltr'>conceptus</span> <span class='ocrx_word' id='word_1_111' title='bbox 677 2042 748 2090; x_wconf 93' lang='lat' dir='ltr'>non</span> <span class='ocrx_word' id='word_1_112' title='bbox 763 2020 862 2119; x_wconf 80' lang='lat' dir='ltr'>capit.</span> 
     </span>
     <span class='ocr_line' id='line_1_18' title="bbox 100 2108 1047 2217; baseline 0 -28"><span class='ocrx_word' id='word_1_113' title='bbox 100 2113 245 2190; x_wconf 81' lang='lat' dir='ltr'>Rursum</span> <span class='ocrx_word' id='word_1_114' title='bbox 266 2116 373 2191; x_wconf 75' lang='lat' dir='ltr'>caussa</span> <span class='ocrx_word' id='word_1_115' title='bbox 395 2118 505 2217; x_wconf 85' lang='lat' dir='ltr'>aliqua</span> <span class='ocrx_word' id='word_1_116' title='bbox 519 2117 635 2191; x_wconf 84' lang='lat' dir='ltr'>ultima</span> <span class='ocrx_word' id='word_1_117' title='bbox 653 2116 772 2208; x_wconf 90' lang='lat' dir='ltr'>libera,</span> <span class='ocrx_word' id='word_1_118' title='bbox 796 2140 898 2217; x_wconf 89' lang='lat' dir='ltr'>aqua</span> <span class='ocrx_word' id='word_1_119' title='bbox 915 2108 1016 2189; x_wconf 84' lang='lat' dir='ltr'>seriee</span> <span class='ocrx_word' id='word_1_120' title='bbox 1044 2130 1047 2137; x_wconf 89' lang='lat'>&#39;</span> 
     </span>
     <span class='ocr_line' id='line_1_19' title="bbox 17 2212 1015 2320; baseline 0.003 -32"><span class='ocrx_word' id='word_1_121' title='bbox 17 2212 185 2291; x_wconf 81' lang='lat' dir='ltr'>nullarum</span> <span class='ocrx_word' id='word_1_122' title='bbox 205 2218 385 2319; x_wconf 84' lang='lat' dir='ltr'>ponderet,</span> <span class='ocrx_word' id='word_1_123' title='bbox 411 2242 616 2320; x_wconf 81' lang='lat' dir='ltr'>conceptum</span> <span class='ocrx_word' id='word_1_124' title='bbox 641 2216 788 2294; x_wconf 82' lang='lat' dir='ltr'>vestrum</span> <span class='ocrx_word' id='word_1_125' title='bbox 810 2220 1015 2318; x_wconf 85' lang='lat' dir='ltr'>empiricunt</span> 
     </span>
     <span class='ocr_line' id='line_1_20' title="bbox 17 2313 1111 2423; baseline 0.004 -36"><span class='ocrx_word' id='word_1_126' title='bbox 17 2344 73 2390; x_wconf 89' lang='lat' dir='ltr'>non</span> <span class='ocrx_word' id='word_1_127' title='bbox 86 2317 214 2418; x_wconf 77' lang='lat' dir='ltr'>explet,</span> <span class='ocrx_word' id='word_1_128' title='bbox 240 2317 424 2394; x_wconf 84' lang='lat' dir='ltr'>seeundum</span> <span class='ocrx_word' id='word_1_129' title='bbox 440 2316 547 2423; x_wconf 89' lang='lat' dir='ltr'>ipsum</span> <span class='ocrx_word' id='word_1_130' title='bbox 564 2325 654 2396; x_wconf 87' lang='lat' dir='ltr'>enirn</span> <span class='ocrx_word' id='word_1_131' title='bbox 671 2327 804 2408; x_wconf 87' lang='lat' dir='ltr'>omnia,</span> <span class='ocrx_word' id='word_1_132' title='bbox 818 2313 1013 2419; x_wconf 75' lang='lat' dir='ltr'>quaesunt,</span> <span class='ocrx_word' id='word_1_133' title='bbox 1098 2357 1111 2402; x_wconf 39' lang='lat' dir='ltr'>,v</span> 
     </span>
     <span class='ocr_line' id='line_1_21' title="bbox 17 2419 1016 2521; baseline 0.001 -30"><span class='ocrx_word' id='word_1_134' title='bbox 17 2425 156 2492; x_wconf 80' lang='lat' dir='ltr'>retussa</span> <span class='ocrx_word' id='word_1_135' title='bbox 184 2423 333 2519; x_wconf 75' lang='lat' dir='ltr'>pendere</span> <span class='ocrx_word' id='word_1_136' title='bbox 357 2421 492 2496; x_wconf 83' lang='lat' dir='ltr'>debent.</span> <span class='ocrx_word' id='word_1_137' title='bbox 540 2419 655 2499; x_wconf 84' lang='lat' dir='ltr'>caussa</span> <span class='ocrx_word' id='word_1_138' title='bbox 682 2445 797 2496; x_wconf 79' lang='lat' dir='ltr'>autent</span> <span class='ocrx_word' id='word_1_139' title='bbox 820 2444 875 2508; x_wconf 92' lang='lat' dir='ltr'>ea,</span> <span class='ocrx_word' id='word_1_140' title='bbox 927 2442 1016 2521; x_wconf 86' lang='lat' dir='ltr'>quae</span> 
     </span>
     <span class='ocr_line' id='line_1_22' title="bbox 19 2515 1016 2624; baseline 0 -31"><span class='ocrx_word' id='word_1_141' title='bbox 19 2517 220 2619; x_wconf 74' lang='lat' dir='ltr'>opponitur,</span> <span class='ocrx_word' id='word_1_142' title='bbox 257 2520 362 2595; x_wconf 78' lang='lat' dir='ltr'>libert</span> <span class='ocrx_word' id='word_1_143' title='bbox 389 2547 462 2595; x_wconf 90' lang='lat' dir='ltr'>non</span> <span class='ocrx_word' id='word_1_144' title='bbox 481 2517 613 2624; x_wconf 78' lang='lat' dir='ltr'>semper</span> <span class='ocrx_word' id='word_1_145' title='bbox 631 2520 679 2594; x_wconf 87' lang='lat' dir='ltr'>est</span> <span class='ocrx_word' id='word_1_146' title='bbox 699 2516 821 2612; x_wconf 86' lang='lat' dir='ltr'>caussa,</span> <span class='ocrx_word' id='word_1_147' title='bbox 864 2515 918 2595; x_wconf 86' lang='lat' dir='ltr'>sed</span> <span class='ocrx_word' id='word_1_148' title='bbox 940 2515 1016 2593; x_wconf 83' lang='lat' dir='ltr'>insit</span> 
     </span>
    </p>
   </div>
   <div class='ocr_carea' id='block_1_8' title="bbox 17 2618 1136 2724">
    <p class='ocr_par' dir='ltr' id='par_1_8' title="bbox 17 2618 1136 2724">
     <span class='ocr_line' id='line_1_23' title="bbox 17 2618 1136 2724; baseline 0.004 -35"><span class='ocrx_word' id='word_1_149' title='bbox 17 2618 183 2719; x_wconf 81' lang='lat' dir='ltr'>irqtraodo</span> <span class='ocrx_word' id='word_1_150' title='bbox 202 2621 355 2712; x_wconf 65' lang='lat' dir='ltr'>causari,</span> <span class='ocrx_word' id='word_1_151' title='bbox 378 2647 483 2721; x_wconf 83' lang='lat' dir='ltr'>quare</span> <span class='ocrx_word' id='word_1_152' title='bbox 504 2620 669 2724; x_wconf 85' lang='lat' dir='ltr'>inexpleta</span> <span class='ocrx_word' id='word_1_153' title='bbox 691 2619 835 2723; x_wconf 85' lang='lat' dir='ltr'>superell</span> <span class='ocrx_word' id='word_1_154' title='bbox 853 2621 1015 2720; x_wconf 84' lang='lat' dir='ltr'>quaellio,</span> <span class='ocrx_word' id='word_1_155' title='bbox 1115 2663 1136 2712; x_wconf 87' lang='lat'>.·</span> 
     </span>
    </p>
   </div>
   <div class='ocr_carea' id='block_1_9' title="bbox 17 2715 1016 2898">
    <p class='ocr_par' dir='ltr' id='par_1_9' title="bbox 17 2715 1016 2898">
     <span class='ocr_line' id='line_1_24' title="bbox 17 2715 1016 2898; baseline 0.01 -110"><span class='ocrx_word' id='word_1_156' title='bbox 17 2747 54 2789; x_wconf 73' lang='lat' dir='ltr'>ur</span> <span class='ocrx_word' id='word_1_157' title='bbox 76 2721 168 2811; x_wconf 85' lang='lat' dir='ltr'>saue,</span> <span class='ocrx_word' id='word_1_158' title='bbox 193 2747 264 2794; x_wconf 87' lang='lat' dir='ltr'>non</span> <span class='ocrx_word' id='word_1_159' title='bbox 284 2723 350 2796; x_wconf 90' lang='lat' dir='ltr'>alio</span> <span class='ocrx_word' id='word_1_160' title='bbox 372 2741 546 2898; x_wconf 65' lang='lat' dir='ltr'>ternpore,</span> <span class='ocrx_word' id='word_1_161' title='bbox 571 2749 632 2798; x_wconf 86' lang='lat' dir='ltr'>cur</span> <span class='ocrx_word' id='word_1_162' title='bbox 652 2748 723 2797; x_wconf 91' lang='lat' dir='ltr'>non</span> <span class='ocrx_word' id='word_1_163' title='bbox 737 2744 833 2806; x_wconf 86' lang='lat' dir='ltr'>ante,</span> <span class='ocrx_word' id='word_1_164' title='bbox 859 2744 918 2795; x_wconf 86' lang='lat' dir='ltr'>atre</span> <span class='ocrx_word' id='word_1_165' title='bbox 929 2715 1016 2824; x_wconf 82' lang='lat' dir='ltr'>poll.</span> 
     </span>
    </p>
   </div>
   <div class='ocr_carea' id='block_1_10' title="bbox 27 2816 1136 2924">
    <p class='ocr_par' dir='ltr' id='par_1_10' title="bbox 27 2816 1136 2924">
     <span class='ocr_line' id='line_1_25' title="bbox 27 2816 1136 2924; baseline 0.005 -34"><span class='ocrx_word' id='word_1_166' title='bbox 27 2827 98 2896; x_wconf 82' lang='lat' dir='ltr'>laec</span> <span class='ocrx_word' id='word_1_167' title='bbox 116 2816 188 2922; x_wconf 89' lang='lat' dir='ltr'>ipsa</span> <span class='ocrx_word' id='word_1_168' title='bbox 209 2846 323 2896; x_wconf 83' lang='lat' dir='ltr'>autern</span> <span class='ocrx_word' id='word_1_169' title='bbox 343 2849 430 2924; x_wconf 83' lang='lat' dir='ltr'>quac</span> <span class='ocrx_word' id='word_1_170' title='bbox 458 2825 510 2915; x_wconf 82' lang='lat' dir='ltr'>io,</span> <span class='ocrx_word' id='word_1_171' title='bbox 534 2849 590 2898; x_wconf 85' lang='lat' dir='ltr'>rur</span> <span class='ocrx_word' id='word_1_172' title='bbox 608 2832 670 2916; x_wconf 90' lang='lat' dir='ltr'>ita,</span> <span class='ocrx_word' id='word_1_173' title='bbox 697 2849 769 2900; x_wconf 89' lang='lat' dir='ltr'>non</span> <span class='ocrx_word' id='word_1_174' title='bbox 783 2821 895 2913; x_wconf 87' lang='lat' dir='ltr'>aliter,</span> <span class='ocrx_word' id='word_1_175' title='bbox 920 2821 1016 2898; x_wconf 85' lang='lat' dir='ltr'>altio·</span> <span class='ocrx_word' id='word_1_176' title='bbox 1134 2845 1136 2854; x_wconf 91' lang='lat'>·</span> 
     </span>
    </p>
   </div>
   <div class='ocr_carea' id='block_1_11' title="bbox 17 2917 1051 3326">
    <p class='ocr_par' dir='ltr' id='par_1_11' title="bbox 17 2917 1015 3028">
     <span class='ocr_line' id='line_1_26' title="bbox 17 2917 1015 3028; baseline 0.004 -34"><span class='ocrx_word' id='word_1_177' title='bbox 17 2947 71 2994; x_wconf 68' lang='lat' dir='ltr'>um</span> <span class='ocrx_word' id='word_1_178' title='bbox 88 2919 236 3000; x_wconf 85' lang='lat' dir='ltr'>caussam</span> <span class='ocrx_word' id='word_1_179' title='bbox 250 2921 426 3024; x_wconf 76' lang='lat' dir='ltr'>supponit,</span> <span class='ocrx_word' id='word_1_180' title='bbox 441 2950 461 3000; x_wconf 91' lang='lat' dir='ltr'>a</span> <span class='ocrx_word' id='word_1_181' title='bbox 474 2951 541 3028; x_wconf 90' lang='lat' dir='ltr'>qua</span> <span class='ocrx_word' id='word_1_182' title='bbox 554 2921 748 3001; x_wconf 87' lang='lat' dir='ltr'>resoluatur.</span> <span class='ocrx_word' id='word_1_183' title='bbox 776 2967 780 2974; x_wconf 95' lang='lat'>·</span> <span class='ocrx_word' id='word_1_184' title='bbox 798 2931 913 3026; x_wconf 83' lang='lat' dir='ltr'>Qrare</span> <span class='ocrx_word' id='word_1_185' title='bbox 926 2917 1015 3004; x_wconf 88' lang='lat' dir='ltr'>eaus-</span> 
     </span>
    </p>

    <p class='ocr_par' dir='ltr' id='par_1_12' title="bbox 17 3022 1051 3229">
     <span class='ocr_line' id='line_1_27' title="bbox 17 3022 989 3126; baseline 0.004 -30"><span class='ocrx_word' id='word_1_186' title='bbox 17 3023 32 3096; x_wconf 77' lang='lat' dir='ltr'>&#39;a</span> <span class='ocrx_word' id='word_1_187' title='bbox 48 3024 158 3100; x_wconf 85' lang='lat' dir='ltr'>libera</span> <span class='ocrx_word' id='word_1_188' title='bbox 173 3049 340 3126; x_wconf 84' lang='lat' dir='ltr'>conceptu</span> <span class='ocrx_word' id='word_1_189' title='bbox 349 3024 391 3101; x_wconf 87' lang='lat' dir='ltr'>de</span> <span class='ocrx_word' id='word_1_190' title='bbox 405 3023 789 3103; x_wconf 73' lang='lat' dir='ltr'>totalitateeauisalieatio</span> <span class='ocrx_word' id='word_1_191' title='bbox 803 3031 918 3100; x_wconf 86' lang='lat' dir='ltr'>minor</span> <span class='ocrx_word' id='word_1_192' title='bbox 932 3022 989 3100; x_wconf 83' lang='lat' dir='ltr'>ell.</span> 
     </span>
     <span class='ocr_line' id='line_1_28' title="bbox 102 3121 1051 3229; baseline 0.001 -27"><span class='ocrx_word' id='word_1_193' title='bbox 102 3129 147 3221; x_wconf 85' lang='grc'>4)</span> <span class='ocrx_word' id='word_1_194' title='bbox 171 3126 314 3229; x_wconf 71' lang='lat' dir='ltr'>Denique</span> <span class='ocrx_word' id='word_1_195' title='bbox 326 3121 351 3200; x_wconf 80' lang='lat' dir='ltr'>s</span> <span class='ocrx_word' id='word_1_196' title='bbox 365 3125 612 3229; x_wconf 72' lang='lat' dir='ltr'>possibilitatem</span> <span class='ocrx_word' id='word_1_197' title='bbox 626 3127 1019 3228; x_wconf 75' lang='lat' dir='ltr'>existentiaeeontingen·</span> <span class='ocrx_word' id='word_1_198' title='bbox 1047 3128 1051 3138; x_wconf 85' lang='lat'>&#39;</span> 
     </span>
    </p>

    <p class='ocr_par' dir='ltr' id='par_1_13' title="bbox 18 3223 1020 3326">
     <span class='ocr_line' id='line_1_29' title="bbox 18 3223 1020 3326; baseline 0.007 -31"><span class='ocrx_word' id='word_1_199' title='bbox 18 3229 38 3295; x_wconf 84' lang='lat' dir='ltr'>is</span> <span class='ocrx_word' id='word_1_200' title='bbox 52 3223 98 3300; x_wconf 86' lang='lat' dir='ltr'>ab</span> <span class='ocrx_word' id='word_1_201' title='bbox 115 3223 251 3301; x_wconf 78' lang='lat' dir='ltr'>infinita</span> <span class='ocrx_word' id='word_1_202' title='bbox 262 3249 378 3302; x_wconf 87' lang='lat' dir='ltr'>rerum</span> <span class='ocrx_word' id='word_1_203' title='bbox 392 3233 662 3326; x_wconf 81' lang='lat' dir='ltr'>contingentium</span> <span class='ocrx_word' id='word_1_204' title='bbox 671 3223 933 3319; x_wconf 84' lang='lat' dir='ltr'>seriederiuatit,</span> <span class='ocrx_word' id='word_1_205' title='bbox 947 3253 1020 3304; x_wconf 89' lang='lat' dir='ltr'>ern·</span> 
     </span>
    </p>
   </div>
   <div class='ocr_carea' id='block_1_12' title="bbox 17 3325 1193 3436">
    <p class='ocr_par' dir='ltr' id='par_1_14' title="bbox 17 3325 1193 3436">
     <span class='ocr_line' id='line_1_30' title="bbox 17 3325 1193 3436; baseline 0.002 -34"><span class='ocrx_word' id='word_1_206' title='bbox 17 3333 107 3402; x_wconf 81' lang='lat' dir='ltr'>urieo</span> <span class='ocrx_word' id='word_1_207' title='bbox 129 3352 302 3428; x_wconf 77' lang='lat' dir='ltr'>conceptu</span> <span class='ocrx_word' id='word_1_208' title='bbox 322 3331 431 3403; x_wconf 83' lang='lat' dir='ltr'>rnaiut</span> <span class='ocrx_word' id='word_1_209' title='bbox 445 3325 508 3403; x_wconf 81' lang='lat' dir='ltr'>effe</span> <span class='ocrx_word' id='word_1_210' title='bbox 522 3326 693 3404; x_wconf 74' lang='lat' dir='ltr'>obieslunr</span> <span class='ocrx_word' id='word_1_211' title='bbox 709 3327 899 3422; x_wconf 75' lang='lat' dir='ltr'>intelligitis.</span> <span class='ocrx_word' id='word_1_212' title='bbox 948 3329 1018 3404; x_wconf 78' lang='lat' dir='ltr'>Ab-</span> <span class='ocrx_word' id='word_1_213' title='bbox 1124 3386 1128 3398; x_wconf 94' lang='lat'><em>.</em></span> <span class='ocrx_word' id='word_1_214' title='bbox 1183 3401 1193 3436; x_wconf 27' lang='grc' dir='ltr'><em>κ</em></span> 
     </span>
    </p>
   </div>
   <div class='ocr_carea' id='block_1_13' title="bbox 17 3419 1073 4170">
    <p class='ocr_par' dir='ltr' id='par_1_15' title="bbox 17 3419 1073 3937">
     <span class='ocr_line' id='line_1_31' title="bbox 17 3419 1018 3532; baseline 0.006 -36"><span class='ocrx_word' id='word_1_215' title='bbox 17 3427 105 3504; x_wconf 80' lang='lat' dir='ltr'>&gt;luta</span> <span class='ocrx_word' id='word_1_216' title='bbox 126 3451 244 3504; x_wconf 82' lang='lat' dir='ltr'>autent</span> <span class='ocrx_word' id='word_1_217' title='bbox 265 3452 300 3504; x_wconf 82' lang='lat' dir='ltr'>et</span> <span class='ocrx_word' id='word_1_218' title='bbox 318 3429 508 3521; x_wconf 77' lang='lat' dir='ltr'>necesaria,</span> <span class='ocrx_word' id='word_1_219' title='bbox 534 3431 568 3503; x_wconf 88' lang='lat' dir='ltr'>in</span> <span class='ocrx_word' id='word_1_220' title='bbox 589 3454 657 3532; x_wconf 90' lang='lat' dir='ltr'>qua</span> <span class='ocrx_word' id='word_1_221' title='bbox 676 3434 727 3518; x_wconf 90' lang='lat' dir='ltr'>(in</span> <span class='ocrx_word' id='word_1_222' title='bbox 741 3419 841 3526; x_wconf 84' lang='lat' dir='ltr'>thesi)</span> <span class='ocrx_word' id='word_1_223' title='bbox 854 3427 1018 3506; x_wconf 85' lang='lat' dir='ltr'>conditio·</span> 
     </span>
     <span class='ocr_line' id='line_1_32' title="bbox 18 3525 1019 3631; baseline 0.009 -33"><span class='ocrx_word' id='word_1_224' title='bbox 18 3553 74 3601; x_wconf 85' lang='lat' dir='ltr'>ern</span> <span class='ocrx_word' id='word_1_225' title='bbox 97 3525 298 3631; x_wconf 84' lang='lat' dir='ltr'>supremam</span> <span class='ocrx_word' id='word_1_226' title='bbox 329 3534 599 3630; x_wconf 79' lang='lat' dir='ltr'>contingentium</span> <span class='ocrx_word' id='word_1_227' title='bbox 624 3528 813 3621; x_wconf 78' lang='lat' dir='ltr'>collocarit,</span> <span class='ocrx_word' id='word_1_228' title='bbox 851 3529 1019 3611; x_wconf 75' lang='lat' dir='ltr'>existentia</span> 
     </span>
     <span class='ocr_line' id='line_1_33' title="bbox 17 3627 1073 3733; baseline 0.007 -34"><span class='ocrx_word' id='word_1_229' title='bbox 17 3635 210 3729; x_wconf 73' lang='lat' dir='ltr'>mpii-irunt</span> <span class='ocrx_word' id='word_1_230' title='bbox 224 3629 267 3704; x_wconf 83' lang='lat' dir='ltr'>de</span> <span class='ocrx_word' id='word_1_231' title='bbox 281 3629 473 3707; x_wconf 77' lang='lat' dir='ltr'>consitione</span> <span class='ocrx_word' id='word_1_232' title='bbox 504 3627 801 3708; x_wconf 84' lang='lat' dir='ltr'>haenomenorum</span> <span class='ocrx_word' id='word_1_233' title='bbox 812 3653 1018 3733; x_wconf 80' lang='lat' dir='ltr'>conceptum</span> <span class='ocrx_word' id='word_1_234' title='bbox 1067 3657 1073 3670; x_wconf 95' lang='lat'><strong>·</strong></span> 
     </span>
     <span class='ocr_line' id='line_1_34' title="bbox 18 3656 1019 3834; baseline 0.007 -34"><span class='ocrx_word' id='word_1_235' title='bbox 18 3755 66 3804; x_wconf 88' lang='lat' dir='ltr'>on</span> <span class='ocrx_word' id='word_1_236' title='bbox 81 3728 216 3832; x_wconf 84' lang='lat' dir='ltr'>explet.</span> <span class='ocrx_word' id='word_1_237' title='bbox 263 3727 457 3807; x_wconf 82' lang='lat' dir='ltr'>Secundum</span> <span class='ocrx_word' id='word_1_238' title='bbox 476 3656 571 3806; x_wconf 68' lang='lat' dir='ltr'>sunt</span> <span class='ocrx_word' id='word_1_239' title='bbox 582 3734 675 3805; x_wconf 85' lang='lat' dir='ltr'>eninr</span> <span class='ocrx_word' id='word_1_240' title='bbox 688 3725 757 3834; x_wconf 90' lang='lat' dir='ltr'>ipsa</span> <span class='ocrx_word' id='word_1_241' title='bbox 770 3727 855 3808; x_wconf 78' lang='lat' dir='ltr'>haee</span> <span class='ocrx_word' id='word_1_242' title='bbox 869 3731 1019 3808; x_wconf 82' lang='lat' dir='ltr'>conditio</span> 
     </span>
     <span class='ocr_line' id='line_1_35' title="bbox 17 3827 1017 3937; baseline 0.011 -38"><span class='ocrx_word' id='word_1_243' title='bbox 17 3839 164 3931; x_wconf 64' lang='lat' dir='ltr'>spretura</span> <span class='ocrx_word' id='word_1_244' title='bbox 191 3853 212 3906; x_wconf 91' lang='lat' dir='ltr'>a</span> <span class='ocrx_word' id='word_1_245' title='bbox 240 3853 338 3933; x_wconf 77' lang='lat' dir='ltr'>parte</span> <span class='ocrx_word' id='word_1_246' title='bbox 363 3835 468 3932; x_wconf 86' lang='lat' dir='ltr'>priori</span> <span class='ocrx_word' id='word_1_247' title='bbox 494 3830 726 3908; x_wconf 73' lang='lat' dir='ltr'>conditionata</span> <span class='ocrx_word' id='word_1_248' title='bbox 750 3827 814 3908; x_wconf 84' lang='lat' dir='ltr'>else</span> <span class='ocrx_word' id='word_1_249' title='bbox 839 3831 951 3910; x_wconf 77' lang='lat' dir='ltr'>debet</span> <span class='ocrx_word' id='word_1_250' title='bbox 974 3839 1017 3937; x_wconf 80' lang='grc'>·)</span> 
     </span>
    </p>

    <p class='ocr_par' dir='ltr' id='par_1_16' title="bbox 18 3930 1022 4170">
     <span class='ocr_line' id='line_1_36' title="bbox 510 3930 1020 4030; baseline 0.004 -22"><span class='ocrx_word' id='word_1_251' title='bbox 510 3934 543 4008; x_wconf 87' lang='lat' dir='ltr'>Y</span> <span class='ocrx_word' id='word_1_252' title='bbox 570 3953 604 4025; x_wconf 57' lang='grc' dir='ltr'>ς’</span> <span class='ocrx_word' id='word_1_253' title='bbox 833 4013 838 4030; x_wconf 61' lang='grc'><strong>,</strong></span> <span class='ocrx_word' id='word_1_254' title='bbox 927 3930 1020 4011; x_wconf 83' lang='lat' dir='ltr'>Idea·</span> 
     </span>
     <span class='ocr_line' id='line_1_37' title="bbox 18 4080 1022 4170; baseline 0.001 -17"><span class='ocrx_word' id='word_1_255' title='bbox 18 4093 54 4163; x_wconf 74' lang='lat'>0)</span> <span class='ocrx_word' id='word_1_256' title='bbox 82 4084 206 4153; x_wconf 69' lang='lat' dir='ltr'>sem</span> <span class='ocrx_word' id='word_1_257' title='bbox 219 4080 360 4169; x_wconf 66' lang='lat' dir='ltr'>quaeratur</span> <span class='ocrx_word' id='word_1_258' title='bbox 378 4095 504 4163; x_wconf 80' lang='lat' dir='ltr'>enubit,</span> <span class='ocrx_word' id='word_1_259' title='bbox 529 4111 611 4170; x_wconf 80' lang='lat' dir='ltr'>quare</span> <span class='ocrx_word' id='word_1_260' title='bbox 622 4099 738 4154; x_wconf 70' lang='lat' dir='ltr'>aurea·</span> <span class='ocrx_word' id='word_1_261' title='bbox 751 4093 869 4153; x_wconf 73' lang='lat' dir='ltr'>isuram</span> <span class='ocrx_word' id='word_1_262' title='bbox 882 4099 1022 4155; x_wconf 66' lang='lat' dir='ltr'>narem·</span> 
     </span>
    </p>
   </div>
   <div class='ocr_carea' id='block_1_14' title="bbox 56 4179 1021 4328">
    <p class='ocr_par' dir='ltr' id='par_1_17' title="bbox 56 4179 1021 4328">
     <span class='ocr_line' id='line_1_38' title="bbox 56 4179 1021 4260; baseline -0.001 -18"><span class='ocrx_word' id='word_1_263' title='bbox 56 4179 226 4242; x_wconf 71' lang='lat' dir='ltr'>eentum</span> <span class='ocrx_word' id='word_1_264' title='bbox 236 4183 378 4260; x_wconf 78' lang='lat' dir='ltr'>eouttptal</span> <span class='ocrx_word' id='word_1_265' title='bbox 392 4183 519 4260; x_wconf 81' lang='lat' dir='ltr'>eotpirieo</span> <span class='ocrx_word' id='word_1_266' title='bbox 533 4179 606 4241; x_wconf 74' lang='lat' dir='ltr'>leue</span> <span class='ocrx_word' id='word_1_267' title='bbox 618 4181 795 4258; x_wconf 69' lang='lat' dir='ltr'>torqueant</span> <span class='ocrx_word' id='word_1_268' title='bbox 806 4181 856 4242; x_wconf 81' lang='lat' dir='ltr'>tila</span> <span class='ocrx_word' id='word_1_269' title='bbox 868 4181 1021 4248; x_wconf 69' lang='lat' dir='ltr'>ffiatnnaa.</span> 
     </span>
     <span class='ocr_line' id='line_1_39' title="bbox 278 4283 1021 4328; baseline 0.011 -8"><span class='ocrx_word' id='word_1_270' title='bbox 278 4316 281 4320; x_wconf 13' lang='grc' dir='ltr'><em>Δ</em></span> <span class='ocrx_word' id='word_1_271' title='bbox 970 4283 1021 4328; x_wconf 81' lang='lat' dir='ltr'>aaa</span> 
     </span>
    </p>
   </div>
   <div class='ocr_carea' id='block_1_15' title="bbox 0 0 1280 4550">
    <p class='ocr_par' dir='ltr' id='par_1_18' title="bbox 0 0 1280 4550">
     <span class='ocr_line' id='line_1_40' title="bbox 0 0 1280 4550; baseline 0 0"><span class='ocrx_word' id='word_1_272' title='bbox 0 0 1280 4550; x_wconf 95' lang='lat' dir='ltr'> </span> 
     </span>
    </p>
   </div>
  </div>
 </body>
</html>
