2550 4550
177 648 180 655 .
293 578 442 667 elitatem
464 578 692 685 applieatum,
716 593 852 681 omnia,
867 606 955 699 quae
969 584 1061 667 fiunt
1072 583 1253 671 seeundum

294 680 439 759 latiooet
447 689 606 781 intemaa.
620 690 822 788 intempore
833 686 1197 789 dilpolitaeogitantur.
1244 705 1269 769 Α

294 778 477 885 prehenlio
498 786 602 885 igitur
621 790 790 861 eiuatnodi
813 786 1063 888 pltaenomeot',
1096 792 1197 891 quale
1214 788 1262 869 su

294 882 489 986 puluinum,
515 884 663 986 indeque
683 885 812 988 ipsum,
837 904 1004 993 quatenua
1025 896 1155 989 percipi
1172 917 1194 966 a
1224 932 1271 956 ιι»

293 982 424 1086 potest,
450 982 736 1081 phaenotnenon,
762 1014 834 1063 non
851 988 909 1063 nisa
925 990 984 1065 iub
999 1014 1169 1093 conceptu
1182 992 1270 1070 relati

109 1186 114 1197 ῃ
147 1092 153 1173 ζ
294 1091 348 1161 uia
360 1082 545 1163 catillarum
560 1112 596 1165 et
608 1086 792 1165 tfl'eiluu'm
810 1116 951 1167 mutuae
963 1096 1103 1191 eogitari
1117 1094 1238 1194 potell.

731 1293 764 1393 t·
820 1318 876 1370 u·
1075 1372 1080 1379 .

293 1442 546 1523 Praeditornenta
559 1442 736 1521 deodieilis
749 1452 958 1544 emereatur
968 1446 1168 1547 poffibilirut
1230 1486 1242 1503 ιγ
1265 1492 1274 1505 a

366 1576 461 1647 menis
486 1572 602 1647 uolatu.
1225 1595 1230 1606 ·

302 1754 305 1761 “
392 1740 506 1818 Restat
528 1768 637 1833 nune,
663 1766 701 1819 rt
723 1741 776 1832 id,
801 1740 978 1842 «prandiam
993 1738 1272 1817 demonllnuim

291 1867 450 1921 naturam
467 1844 587 1921 l'erlieet
608 1841 742 1948 semper
758 1844 1039 1947 praedicamentis
1053 1869 1273 1943 congruente

290 1970 439 2049 rumque
454 1944 582 2045 legibue
596 1941 778 2020 subietlam
793 1944 857 2021 elle
871 1945 1099 2034 delere‚tum
1114 1969 1231 2020 tamen
1248 1944 1270 2019 h

291 2046 383 2147 leger
399 2074 469 2123 non
485 2073 503 2120 a
518 2073 636 2123 narum
653 2042 722 2149 ipsa
735 2048 904 2123 deriuatae
918 2041 973 2123 led
990 2044 1275 2147 abalienaipfiint

206 2152 209 2158 ’
290 2146 397 2228 lellus
412 2146 569 2225 facultate
584 2154 746 2251 repetitae
761 2148 842 2241 fine,
868 2154 983 2252 paueia
997 2146 1210 2223 illustremus.

393 2321 450 2394 Sin
470 2321 571 2416 igitur
592 2320 809 2418 quaerimus,
843 2315 1024 2418 quomodo
1046 2315 1137 2411 leger
1159 2313 1248 2416 pltat

290 2443 477 2498 metrorum
500 2424 534 2492 in
556 2443 676 2493 natura
699 2443 777 2492 enm
800 2416 970 2491 intellellu
994 2421 1134 2519 eiusque
1155 2413 1268 2491 forma

317 2528 461 2596 riori-
484 2519 550 2595 iiue
574 2547 593 2594 a
616 2523 721 2620 priori
742 2519 968 2616 coniungendi
991 2515 1151 2593 fatuitate
1166 2557 1218 2580 ··
1254 2543 1272 2592 e

289 2548 472 2714 taereant,
500 2621 591 2696 ltaud
615 2625 735 2694 tnaiori
758 2619 844 2695 itaet
879 2619 993 2697 uidem
1007 2619 1159 2722 quaellio
1173 2615 1263 2697 diffie

290 2747 363 2800 tute
377 2725 528 2799 laborare
543 2723 694 2816 videtur,
720 2747 825 2822 quam
847 2647 918 2812 ida,
944 2748 1005 2797 eut
1020 2718 1088 2822 ipsa
1101 2723 1251 2822 plraenot

289 2851 336 2902 na
357 2851 436 2900 eunt
460 2821 572 2901 forma
594 2830 782 2898 intuitionie
801 2817 951 2899 senlitiua
972 2849 992 2898 a
1014 2829 1119 2922 priori
1134 2819 1260 2899 neeella

289 2929 520 3017 eonl‘entiant,
571 2951 634 3001 nte
666 2923 725 2998 nist
749 2923 810 2999 iub
851 2951 890 3002 ea
919 2923 1130 3028 apprehendi
1171 2951 1257 3026 quea

289 3027 596 3132 Quemadmodum
611 3035 703 3103 enim
712 3027 950 3130 phaenomena
958 3054 1029 3102 non
1041 3053 1103 3127 per
1115 3025 1147 3101 se
1154 3025 1255 3101 exilio

289 3126 346 3207 sed
363 3157 495 3208 tantum
511 3136 545 3205 in
558 3129 721 3206 relatione
734 3130 777 3204 ad
785 3127 969 3206 lubiellum
977 3124 1254 3232 quatenurlenfib

289 3231 425 3310 formae
448 3258 552 3334 purae
572 3257 591 3308 a
613 3237 719 3335 priori
743 3230 922 3323 adunare,
948 3231 1138 3333 praedirum
1160 3228 1224 3321 eil,

289 3335 371 3412 dem
394 3337 501 3410 modo
522 3336 613 3434 leger
634 3358 706 3408 non
726 3333 868 3408 existunt
889 3343 924 3407 in
948 3332 1216 3436 phaenomenis,
1251 3335 1265 3405 l

131 3507 142 3520 ,
289 3461 353 3539 per
373 3437 571 3512 relationem
593 3459 727 3512 nutum
748 3435 790 3510 ad
805 3432 1008 3526 l'ubieElum‚
1028 3443 1081 3509 eui
1097 3434 1249 3535 plaaeno

201 3589 203 3594 ,
287 3561 334 3613 na
357 3539 551 3626 inhaerent,
576 3534 777 3610 efficiuntur.
828 3541 862 3610 Si
876 3561 930 3610 rea
945 3559 1006 3637 per
1021 3532 1051 3612 lt
1065 3527 1274 3633 'cognoscere

249 3642 253 3652 '
289 3661 365 3731 tur,
387 3665 469 3713 tune
485 3644 585 3712 etianr
601 3641 645 3712 de
659 3643 699 3708 iia
716 3637 792 3738 ἱρῆς
805 3633 1027 3711 eonlnrmrtaa
1042 3637 1151 3736 aliqua
1166 3662 1245 3713 eum

287 3739 387 3840 gibus
404 3737 479 3856 ipsu
499 3739 704 3827 adhaerens,
731 3761 833 3810 ettam
850 3761 939 3814 extra
953 3738 1158 3812 intelletlum
1174 3741 1234 3838 qui
1259 3786 1275 3800 -

68 3881 71 3888 ·
151 3909 156 3928 ,
257 3843 478 3936 .eognolert,
504 3837 687 3938 praedicari
710 3840 824 3936 pollet.
876 3845 1004 3912 Verum
1027 3839 1243 3938 qttumplra

169 4030 172 4036 Ι
286 3963 391 4012 tnena
405 3939 488 4012 nilril
502 3939 565 4012 lint
580 3935 1205 4038 nistrepraelentatinnetobiellorum,
1221 3965 1246 4038 q

287 4059 367 4114 rum
385 4066 471 4137 quae
489 4065 550 4140 per
565 4041 595 4111 le
610 4044 742 4111 interna
757 4039 821 4123 eli,
853 4065 887 4113 er
901 4045 1037 4140 propria
1052 4037 1127 4136 ἀρῆς
1142 4065 1177 4112 et
1191 4042 1233 4112 ab

132 4191 134 4198 -
287 4137 513 4240 prehenstone
533 4135 669 4217 lebrella·
683 4144 913 4242 cognoleentia
926 4140 1266 4256 independeuanuatu
