2550 4550
106 258 112 270 '
187 273 259 352 pta
579 223 811 306 ΕΞ

185 457 248 516 ⁸⁰¹
270 424 449 551 vallestria
465 422 760 508 circumscribitur.
808 397 980 552 ήκω
1001 422 1195 548 ininllteol
1244 419 1258 465 l

185 527 1195 730 nuzltultaununulu
1244 523 1264 664 l

46 814 54 824 ,
111 731 116 741 ’
187 761 291 828 nent,
314 729 725 810 bomtetull'aeinlidiari
740 657 1046 833 ettt'mpl'tlblieam
1059 727 1192 904 ppodtn
1242 699 1264 768 ²²

189 858 414 936 magnetum
427 831 579 908 elamore
590 827 760 911 seruntur.
793 841 839 908 nt
852 833 1001 933 quodiei
1010 855 1057 934 pu
1094 833 1198 904 ieaein·
1242 821 1266 928 ²²,

188 935 309 1022 well.
340 931 442 1010 firma
462 933 615 1009 videlieet
634 931 679 1008 ‹le
699 940 887 1036 praeceptio
910 928 1082 1034 religionis
1095 928 1198 1006 lunda·
1244 921 1264 1031 ²

144 1062 147 1070 ·
179 1035 402 1115 mentalibut
423 1029 609 1136 persuasio,
641 1037 676 1106 in
698 1033 754 1108 tali
776 1037 966 1108 cornmine
984 1036 1129 1106 omnino
1143 1055 1200 1106 noo
1244 1023 1268 1110 ’ἵ

191 1145 324 1242 agitun
350 1131 436 1222 liaeo
449 1140 542 1208 enim
559 1159 579 1210 a
594 1159 691 1234 parte
705 1131 852 1234 ptasliea
866 1157 929 1238 per
943 1129 976 1211 se
989 1129 1068 1224 stat,
1093 1157 1202 1209 necte
1244 1119 1260 1170 ²¹

113 1311 116 1316 .
191 1241 234 1318 lia
246 1245 375 1344 petitur
389 1243 424 1310 in
439 1233 675 1336 dogmaticum
690 1261 825 1312 tantum
839 1239 979 1311 rationi·
993 1234 1202 1340 speculatiuae
1246 1225 1273 1271 ²²

191 1340 292 1420 usum
313 1335 458 1415 direilia.
509 1341 585 1411 Nee
599 1338 728 1438 altaque
743 1331 876 1412 summa
891 1341 1010 1412 iniuria
1029 1361 1088 1412 aut
1104 1337 1203 1414 Huni
1248 1325 1274 1368 ²²

193 1469 267 1535 an,
293 1447 353 1544 qui
367 1436 495 1512 nullam
511 1443 632 1510 rationi
656 1438 828 1514 humanae
842 1433 1033 1514 desummo
1048 1461 1127 1514 ente
1141 1461 1205 1536 cog·
1249 1427 1272 1474 ²²

194 1552 363 1621 nitionem
373 1542 564 1639 comparari
579 1534 671 1638 polle
686 1541 930 1628 contendebat,
948 1537 1206 1632 autPrt'rstieiun,
1249 1531 1267 1574 ²²

102 1675 105 1679 ’
196 1651 257 1750 qui
280 1671 315 1722 et
336 1643 526 1716 libertatem
550 1665 585 1714 et
606 1643 898 1718 immortalitatem
920 1647 1054 1719 animae
1075 1647 1207 1717 omnino
1249 1631 1273 1676 ²²

196 1747 362 1842 negabat,
389 1737 566 1844 perniciosi
581 1765 700 1816 eontra
715 1739 853 1820 salutem
871 1745 1080 1844 reipublicae
1095 1740 1208 1818 consilii
1251 1733 1270 1778 ²¹

198 1847 351 1924 incusare
366 1843 498 1930 liceret3
523 1867 632 1942 quum
650 1869 792 1946 vterque
807 1842 875 1920 hoc
889 1869 1022 1920 tantum
1041 1870 1165 1944 ageret,
1183 1867 1209 1918 tt
1252 1831 1273 1878 ²²

198 1955 288 2026 ratio
303 1945 346 2022 ad
360 1949 593 2042 cognitionem
608 1939 655 2016 sui
672 1943 872 2036 reducatur,
906 1971 970 2022 nec
985 1943 1043 2049 ipsi
1058 1947 1153 2020 ulum
1167 1945 1210 2020 ali
1252 1917 1273 1978 ²²

228 2075 308 2122 uem
332 2047 417 2120 ultro
439 2045 530 2141 leget
551 2067 693 2120 naturae
714 2047 911 2138 materialia,
944 2075 1029 2152 quat
1051 2045 1136 2123 l'olat
1150 2073 1211 2150 per·
1252 2007 1268 2081 ²

80 2147 83 2154 ’
126 2236 136 2252 .
200 2078 329 2254 spcsm
353 2146 538 2235 habemur,
564 2153 812 2247 permittamur.
863 2155 981 2253 Quare
996 2151 1100 2227 libera
1115 2153 1211 2224 omni·
1250 2137 1266 2212 l

198 2253 267 2331 but
290 2247 474 2327 sentcntiae
497 2243 575 2323 suae
598 2247 734 2351 publice
748 2253 996 2355 proponendae
1010 2248 1150 2331 facultas
1163 2254 1211 2329 lar·
1251 2239 1267 2286 ¹¹

202 2352 326 2458 gienda
339 2350 405 2447 est,
437 2349 617 2425 molimina
639 2357 731 2425 enim
747 2354 884 2429 alteriue
898 2361 1002 2457 partia
1016 2382 1078 2459 per
1093 2356 1211 2432 alienu
1251 2339 1266 2431 ²¹

32 2490 36 2499 ·
199 2476 405 2557 argumenta
432 2446 508 2527 satie
533 2454 800 2546 coercebuntur,
846 2450 1011 2559 sanaeque
1040 2463 1161 2534 rationi
1180 2454 1211 2527 it
1251 2440 1274 2486 ²²

201 2565 337 2655 optimu
357 2551 560 2630 consuletur.
610 2552 707 2628 Nihil
725 2562 818 2629 enim
834 2556 890 2631 tali
904 2566 1091 2653 certunine
1106 2554 1212 2663 profici
1261 2546 1274 2613 l

92 2745 99 2763 ι
203 2656 447 2756 intelligenter,
486 2679 629 2755 utraque
687 2680 739 2731 art
755 2684 773 2733 a
789 2660 964 2757 polemicis
985 2662 1126 2737 clunium
1148 2658 1213 2735 abli-
1251 2646 1273 2692 ²²

202 2758 294 2837 slent
307 2754 622 2860 disceptationibus,
656 2679 885 2865 slntentiaque
900 2769 1040 2839 rationis
1055 2760 1215 2839 definitiua
1254 2747 1266 2793 ²

172 2866 357 2964 :quietem
379 2857 490 2933 multo
512 2854 717 2933 stabiliorem
743 2862 939 2960 procurabit
963 2890 1022 2957 ea,
1052 2890 1140 2968 quae
1165 2888 1214 2967 ptr
1256 2850 1274 2970 q,

43 3039 46 3043 ,
79 2958 81 2962 ’
204 2968 306 3037 tniua
330 2965 434 3061 partia
456 2954 632 3031 villorum
658 2964 689 3035 ui
712 2986 850 3037 externa
873 2962 1065 3066 extorqueri
1088 2961 1216 3040 fortallu
1256 2951 1267 2994 ²

204 3082 360 3164 poterat,
387 3057 499 3133 multo
513 3062 678 3133 acriorem
695 3057 916 3160 postmodum
932 3066 1167 3169 oppreilotum
1181 3091 1216 3139 rt·
1255 3050 1273 3095 ²

205 3158 387 3239 iistenmm
411 3163 601 3232 excitatura.
654 3166 771 3264 Quare
785 3190 849 3239 nee
863 3192 984 3240 eorum
1001 3170 1216 3272 adoptandam
1254 3152 1270 3324 ξ

43 3275 53 3292 ’
204 3260 384 3340 tenl'emua
407 3254 471 3334 else
500 3264 721 3354 opinionem,
771 3272 830 3363 qui
863 3270 1078 3345 iuuentutem
1106 3270 1217 3353 saltem,

197 3362 418 3440 'amlemieae
441 3356 638 3435 institutioni
663 3386 856 3455 vacantem,
890 3376 1124 3469 acognitione
1136 3368 1218 3471 scrip·
1255 3354 1266 3401 ¹

208 3486 328 3541 torum
354 3457 544 3561 grauillima
569 3460 736 3558 quaedam
766 3464 926 3563 dogmata
959 3478 1221 3573 impugnantium

208 3570 315 3640 arcon
338 3563 461 3636 debere
483 3570 686 3658 opinantur,
721 3562 866 3667 ipsisque
883 3572 1038 3648 notitiam
1055 3596 1221 3674 argumen·
1268 3558 1272 3596 ¹

206 3686 327 3740 torum
343 3688 414 3736 tam
435 3665 640 3752 noxiorum,
673 3672 782 3766 qualia
798 3664 978 3770 ascepticit
993 3672 1110 3773 paffim
1125 3673 1221 3774 prola
1260 3656 1273 3699 ²

209 3762 354 3848 tasum,
380 3764 534 3865 praeberi
549 3785 675 3837 uetant.
726 3764 886 3845 Perfidiae
901 3784 991 3849 enim
1009 3776 1075 3866 eil,
1099 3776 1221 3853 alteriut
1267 3765 1275 3792 ¹

88 3888 92 3897 ·
211 3870 318 3964 partit
340 3886 540 3962 argumenta
561 3861 739 3963 proferre,
773 3878 908 3945 alteriue
923 3874 1145 3967 abscondere,
1170 3897 1221 3948 nec

211 3962 272 4037 diu
285 3965 454 4038 riutmatli
468 3959 562 4039 staot
577 3969 793 4067 incomperta
814 3972 918 4051 latere
933 3982 1072 4081 poterit.
1123 3980 1223 4054 l’erlr
1269 3965 1274 3996 ’

1156 4098 1226 4157 nint
