2550 4550
430 331 653 372 m

432 371 653 387 m

36 511 71 590 lu
87 517 304 614 ceteroquin,
330 508 354 586 li
370 511 452 616 quid
474 521 508 590 in
522 513 592 592 lroe
607 513 654 592 est
668 519 856 607 momenti,
882 519 1053 608 omnium,

36 622 93 718 qui
116 613 185 690 boe
207 622 241 688 in
263 641 386 715 genere
405 617 639 707 elaborarunt,
663 614 949 723 philosophorum
965 613 1056 702 freti.

36 730 150 820 Atque
171 717 311 807 eadem‚'
334 738 430 818 =quae
450 719 531 818 legit
552 719 609 797 libi
626 721 763 797 moralis
779 719 909 798 eouseie
924 719 987 813 est,
1003 745 1055 797 re·

35 828 84 895 tiu
116 819 304 894 libertatem
333 819 515 921 prailieam
544 821 740 898 immediate
766 848 844 898 eum
875 819 943 926 ipsa
971 847 1055 898 eon·
1193 870 1196 874 -

37 917 186 994 iunstum
209 920 272 995 elle
297 920 457 1021 intelligit.
509 919 664 998 Conlillit
686 929 795 1015 enim,
822 929 866 998 vti
882 921 1056 999 edloeunr

36 1025 77 1097 de
100 1019 253 1097 libertate
278 1016 570 1096 tratrrl'eendentali
596 1030 813 1112 monuimus,
838 1019 947 1118 (conf.
970 1025 1053 1100 niul.

36 1121 170 1198 trenule.
193 1123 265 1197 Lib.
289 1129 328 1196 ll.
351 1127 435 1225 Cep.
457 1130 500 1200 ll.
523 1123 610 1200 Seli.
624 1131 666 1197 V.
680 1136 845 1226 Aputotn.
859 1131 916 1201 lll.
940 1122 974 1224 §.
1001 1129 1055 1216 3.)
1105 1164 1107 1171 ¹
1132 1189 1138 1199 .

36 1223 169 1298 libertae
191 1221 334 1325 prailiea
356 1229 391 1298 in
414 1224 677 1325 independentia
696 1226 823 1302 erbitrii
845 1228 888 1301 ab
908 1221 1072 1329 impulsu

38 1323 266 1414 leuliralitatit,
293 1323 788 1425 secundumquameaullalitati
803 1333 984 1402 tutionirin
999 1327 1055 1402 de*

36 1428 250 1502 terminando
265 1427 403 1500 arbitrio
419 1427 513 1498 lucus
535 1421 745 1528 relinquitur.
797 1433 866 1499 Lex
882 1451 962 1500 tero
977 1451 1056 1499 mo·
1096 1523 1098 1526 Ι

34 1531 129 1619 ralis,
155 1527 239 1604 dum
261 1551 380 1602 eontra
401 1520 556 1602 sensuum
582 1527 721 1603 arft-llus
744 1530 824 1630 quitl
847 1524 919 1602 fieri
941 1531 1054 1602 debeor
1182 1551 1186 1560 ·

35 1630 244 1732 prael'eribit,
271 1627 385 1730 perlici
409 1627 477 1705 leue
499 1656 639 1732 quoque
653 1629 740 1730 pqfft
760 1629 909 1718 anobis,
936 1651 1055 1730 eperte
1216 1683 1219 1688 n

35 1733 204 1834 litppuuit.
253 1739 349 1809 loeo
372 1737 483 1825 enim,
535 1731 629 1833 quod
651 1729 762 1808 fucere
783 1731 908 1834 aliquid
930 1734 1054 1824 denas,
1124 1732 1127 1738 ’

35 1833 200 1910 adilrillio
213 1833 400 1909 intenditur
411 1835 454 1910 ad
469 1859 576 1910 enum
590 1833 727 1935 aliquod
750 1861 788 1911 ex
811 1835 945 1924 multis,
970 1859 1055 1934 quo·
1179 1893 1181 1898 .

35 1961 112 2010 rum
145 1931 380 2012 faciendorum
405 1927 604 2038 potestatem
626 1933 762 2013 lrabeat.
814 1937 929 2038 Qtenr
952 1939 1055 2032 igitur

35 2035 117 2138 legit
138 2037 275 2114 morulis
298 2035 356 2111 fibi
378 2035 548 2111 eonleium
564 2031 627 2112 eli'e
643 2033 822 2139 supponis,
849 2061 929 2111 eunt
945 2035 1055 2113 libero
1111 2123 1114 2130 ,

36 2143 172 2213 arbitrio
193 2136 383 2241 prtetlitum
408 2137 471 2214 elle
492 2163 528 2212 vt
548 2136 729 2228 existimer,
764 2136 970 2238 analyticum
996 2134 1054 2213 est.
1085 2221 1089 2230 ,

35 2236 213 2341 Conspirat
232 2247 265 2313 in
287 2243 435 2313 eundem
454 2235 588 2321 sensum
602 2245 716 2315 omnis
732 2265 870 2341 quoque
884 2244 1057 2341 experien·
1167 2239 1172 2250 '

35 2346 97 2432 tir,
123 2341 155 2415 id
173 2347 264 2416 enim
279 2340 372 2443 quud
387 2336 495 2417 sensate
510 2338 629 2433 allicit,
656 2366 838 2443 propterea
857 2364 929 2414 non
946 2347 980 2413 in
997 2364 1055 2415 ne·

35 2442 205 2517 oeffanttm
228 2469 292 2518 noe
313 2440 473 2518 allenium
495 2451 600 2543 rapit,
626 2468 690 2517 nee
712 2434 883 2544 appdtitut
903 2441 944 2517 ad
960 2437 1052 2518 obse·
1120 2504 1127 2513 .

35 2552 153 2645 quium
177 2570 242 2619 noe
263 2540 513 2645 indispensabile
526 2540 741 2643 constringit,
767 2540 821 2619 sed
836 2544 930 2617 loeua
945 2539 990 2617 est
1005 2567 1056 2619 re·

37 2650 168 2721 lleriuni
189 2654 276 2723 eirea
297 2645 466 2748 id,‘quod
489 2642 640 2748 respellu
662 2650 769 2721 totiue
789 2644 923 2719 nollrae
941 2642 1056 2717 tondi·
1166 2688 1168 2693 -

36 2754 135 2821 tionis
156 2750 410 2848 bouuntatque
432 2748 510 2822 vtile
533 2746 683 2838 videtur,
725 2752 759 2823 in
783 2772 849 2846 quo
871 2744 1056 2821 reflexione

37 2843 213 2923 eeull'ulitee
233 2854 387 2936 rationis,
414 2848 625 2923 voluntatem
648 2844 752 2924 libere
766 2848 809 2921 ab
825 2842 970 2951 iinpull'u
985 2842 1057 2919 len·
1151 2880 1156 2897 ·

37 2946 130 3022 luum
152 2950 426 3046 deteruainuntit,
477 2946 546 3021 litte
568 2948 702 3022 libertae
724 2947 870 3049 praelier
892 2952 1053 3021 eeenitur.

36 3058 85 3123 dn
101 3076 183 3123 uero
198 3051 282 3124 baec
297 3056 435 3124 rationis
451 3045 631 3123 reull'ulites
651 3044 788 3140 seriem,
815 3074 920 3145 quom
936 3046 1056 3121 inelro·

36 3172 84 3242 at,
111 3150 452 3255 pltaenomenorum3
484 3152 588 3224 libere
602 3175 664 3249 per
679 3146 711 3224 se
725 3148 793 3225 liue
807 3140 959 3225 nblulute
973 3154 1055 3223 inei·

36 3258 119 3351 piat,
153 3251 206 3328 uel
228 3249 294 3353 ipsa
315 3278 335 3326 a
356 3248 472 3328 caullie
492 3250 735 3326 remotioribus
756 3248 876 3325 mundi
899 3247 1055 3325 leofibilie

35 3352 143 3429 rurliu
170 3355 416 3430 determinetur
448 3352 532 3429 ltaee
558 3350 707 3455 quaestio
739 3376 832 3429 mere
854 3350 1056 3453 sperulatiue

37 3455 96 3544 eli,
123 3482 186 3532 nee
207 3458 249 3530 ed
265 3452 360 3531 'ulum
379 3461 519 3531 rationia
534 3453 720 3557 prailieum
737 3462 892 3559 pertinet.
944 3461 1057 3556 Quae·

36 3582 112 3633 nem
137 3582 220 3634 vero
242 3558 285 3633 de
308 3556 373 3634 hee
392 3558 545 3634 libertate
568 3555 861 3634 trantl'eendentali
885 3552 996 3629 nostra
1016 3552 1057 3631 su

36 3655 211 3753 sententia,
224 3666 258 3736 in
275 3664 480 3745 antinomiae
493 3656 738 3760 eolmologieee
753 3656 918 3733 solutione
932 3654 1058 3759 expoli-

37 3780 106 3836 tum
131 3755 214 3855 fuit3
267 3760 356 3836 bane
382 3767 483 3861 igitur
510 3786 675 3862 tanquam
698 3786 718 3837 e
740 3757 916 3862 propofito
939 3756 1056 3834 nollre

37 3860 169 3963 prorsus
191 3863 334 3941 elienem
356 3858 577 3949 dimittimus,
601 3862 790 3935 libertatem
806 3880 940 3935 tantum
961 3878 1056 4035 iim

30 3970 156 4057 tieem,
180 3967 322 4070 quaeeb
336 3960 404 4067 ipse
419 3962 500 4067 legia
513 3960 654 4037 mo'ralit
667 3956 959 4041 eonseieueieneee
984 3968 1055 4037 urie

39 4066 189 4163 profluit,
214 4066 424 4144 stabilientu-

332 4210 337 4221 ·
539 4158 643 4255 uta
960 4155 995 4264 5·
1020 4184 1055 4257 r·
1147 4176 1152 4191 '
