2550 4550
233 289 300 393 ,ro
628 263 858 326 Ε
989 279 991 284 ’

233 476 276 556 et
295 450 465 554 principio
479 443 757 529 namnetum
778 441 965 552 procedere
985 465 1182 550 appareret,
1204 448 1246 525 in

234 551 459 673 deotiomata
471 574 613 670 quoquc
628 547 955 668 mathematicorum
971 573 1011 626 et
1025 548 1148 624 eodem
1162 551 1246 670 prin·

234 647 1246 850 {istinitiandis?hiissdiissdiitsii‘issn

233 776 420 962 posrtidnea
448 859 542 930 enim
573 780 836 932 mandendum
867 880 906 928 ex
926 857 1094 954 principio
1113 807 1246 953 qdideua

114 987 118 994 ·
235 951 530 1043 contraditlionia,
561 981 682 1030 rerum
705 981 776 1030 non
799 951 858 1031 nih
873 951 1012 1032 annno
1034 955 1096 1030 alia
1119 957 1246 1054 praeuia

156 1115 159 1127 .
212 1050 670 1161 ,proposrtionesyncheticn
684 1053 1246 1158 etqoavtcoroiiariadeducuntur,

188 1170 191 1176 '
236 1151 394 1276 cognosci
422 1153 576 1255 poiiunt,
608 1178 644 1230 at
664 1179 840 1256 nunquam
856 1153 1022 1253 perstet
1043 1155 1111 1229 hoc
1134 1160 1246 1252 princi·

236 1251 570 1435 pppnpzffianpstfflei,
595 1253 630 1331 id
648 1253 824 1360 quodiam
840 1253 1246 1380 nuncpluribuademou

339 1529 460 1626 Qatrm
482 1549 566 1600 veto
589 1549 712 1600 omnea
733 1522 993 1601 mathematicae
1004 1521 1246 1628 propoiitionea

71 1691 75 1697 .
169 1659 173 1665 ·
233 1621 371 1727 semper
392 1632 538 1726 aptiori
561 1633 797 1716 enuntientur,
835 1649 959 1728 utpote
980 1651 1067 1726 quae
1089 1625 1246 1702 neceiiita

236 1751 330 1816 tem,
355 1751 460 1827 quam
476 1733 680 1827 experientia
689 1754 759 1802 non
775 1727 933 1826 iargitut,
948 1725 1184 1804 inhaerentem
1199 1727 1246 1800 nu

235 1826 398 1926 habeant,
411 1853 452 1901 et
466 1837 562 1900 omni
580 1824 733 1904 scientiae
749 1827 850 1902 huiua
863 1830 994 1904 ambitu
1003 1827 1156 1930 exempla
1164 1853 1246 1927 repe

66 1969 75 1988 ·
237 1952 311 2014 tere
326 1929 450 2002 liceret
477 1939 657 2018 Attamen,
686 1954 722 2006 vt
738 1935 776 2003 iia
791 1925 944 2020 iatiahat,
994 1935 1028 2001 ui
1044 1933 1082 2003 iic
1096 1929 1246 2004 omnihua

224 2055 461 2131 ·pomanunem
477 2028 566 2104 hanc
580 2027 776 2132 quaiitatetn
793 2055 811 2104 a
826 2034 931 2128 priori
946 1953 1009 2103 ede
1025 2027 1109 2104 mihi
1125 2025 1246 2104 fortan

237 2156 312 2225 non
334 2129 578 2219 concederent,
611 2129 654 2204 ad
678 2127 967 2228 transmarinum
1009 2151 1096 2207 actea
1110 2156 1246 2231 quacun

238 2227 307 2336 ipsa
327 2225 480 2307 definitio
502 2235 568 2335 iant
591 2256 664 2307 non
686 2235 929 2333 entpiricateaa
943 2154 1032 2307 seda
1046 2235 1153 2330 priori
1169 2236 1246 2331 cogi

133 2406 137 2411 .
237 2358 326 2412 tatas
351 2330 415 2407 effe
444 2332 585 2427 indicat,
632 2333 894 2409 Arithnreticatn
926 2357 961 2409 ct
998 2335 1246 2411 Gtotnetricatt

174 2538 181 2547 ·
236 2460 361 2541 putam
382 2460 440 2509 mc
463 2429 622 2510 referam.
1039 2436 1040 2443 ’

339 2576 389 2643 vt
412 2573 514 2667 igitur
527 2568 665 2669 campio
685 2592 759 2646 utar
771 2596 810 2645 ex
825 2566 1047 2645 Arithmetita
1062 2591 1148 2670 puta
1163 2592 1246 2671 repe

239 2675 324 2759 tito,
356 2671 447 2741 iiiam
471 2668 762 2769 proposttionem,
795 2696 863 2776 qua
888 2666 1047 2763 aadditit
1066 2694 1105 2762 ς,
1131 2668 1246 2747 duode

238 2776 307 2843 cim
329 2765 466 2843 efficere
485 2777 700 2861 enuntiatur,
742 2770 785 2847 ad
806 2767 958 2875 primum
979 2776 1124 2843 omnino
1147 2770 1246 2874 adspe

126 2862 140 2899 ’·
207 2912 216 2933 ·
239 2868 335 2947 fiunt
357 2897 398 2946 et
419 2864 490 2975 ipso
513 2870 558 2947 de
580 2870 713 2950 summa
732 2899 752 2950 e
772 2873 904 2949 duahut
926 2870 1099 2975 partibut,
1131 2896 1154 2969 n
1179 2898 1216 2950 et
1240 2900 1246 2941 r

101 3004 109 3029 ·
144 3053 146 3056 ,
238 2971 386 3049 conflata
407 2996 576 3075 conceptu
593 2972 777 3050 secundum
800 2978 1005 3079 principium
1021 2954 1246 3051 contradissio

238 3080 292 3149 nia
308 3078 466 3175 prmum
490 3098 592 3178 atque
612 3074 737 3151 idcirco
756 3074 955 3179 analyticam
977 3062 1041 3153 erse
1063 3076 1213 3153 iudicate
1227 3078 1247 3151 li

89 3233 107 3250 .,
241 3198 345 3251 teret.
404 3179 535 3248 Verum
568 3182 760 3252 'accuratius
787 3202 862 3251 rem
892 3176 1205 3278 contemplantibus
1234 3204 1246 3255 a

238 3300 337 3378 perte
350 3276 496 3376 patebit,
521 3272 546 3347 n
562 3274 677 3375 pofitia
691 3274 838 3378 septem,
864 3282 1015 3377 quinque
1029 3277 1153 3352 addere
1168 3280 1246 3355 iube

187 3407 194 3421 ·
239 3402 337 3466 mur,
364 3381 399 3449 t'n
420 3374 490 3449 hoc
511 3400 681 3478 conceptu
702 3381 845 3451 minime
867 3401 1058 3459 numerum¹
1076 3376 1246 3454 duodecin

240 3475 507 3578 comprehendi,
531 3475 585 3552 scd
601 3500 735 3553 tantum
752 3475 937 3581 poistbiiem
953 3482 1128 3581 utriunque
1141 3505 1246 3582 quana

240 3582 468 3681 quantitatum
496 3578 771 3655 conciliationem
800 3584 835 3653 in
862 3604 927 3657 tna
954 3573 1086 3655 summa
1108 3586 1246 3683 cogitati

241 3684 446 3780 cogitantur
465 3683 558 3755 enim
582 3705 603 3773 7
627 3704 663 3756 et
690 3706 708 3775 5
735 3686 769 3757 in
791 3706 878 3771 vno,
900 3702 1143 3785 praetereaque
1156 3682 1244 3778 nihii

100 3801 103 3807 ·
240 3782 310 3858 hoc
324 3803 440 3856 autent
455 3778 637 3859 duodecim
653 3780 787 3858 efficere
801 3786 942 3857 minume
957 3788 992 3855 in
1007 3780 1072 3858 hac
1086 3789 1246 3883 cogitatio

240 3906 286 3958 nc
307 3906 372 3984 per
392 3876 423 3957 se
446 3878 552 3981 ipsam
575 3880 783 3961 confiderem
797 3908 875 3960 corn
903 3880 1119 3975 rchcnditur;
1146 3882 1205 3961 sed
1221 3913 1246 3962 aa

78 4077 83 4088 ³
240 3982 333 4087 hanc
352 3988 548 4089 quantitatit
572 4008 617 4063 aa
632 3992 855 4070 notioneme
894 3983 1049 4069 citndnn
1069 3990 1246 4067 intuitioni

1201 4116 1246 4195 pe
