2550 4550
215 612 356 694 obiecta¹
370 609 444 688 ne'n
462 607 674 706 efficiuntur,
700 608 756 690 sed
777 605 953 696 omioni
965 634 1030 709 per
1042 589 1231 688 intuitione

218 719 399 894 prrppiricat
420 711 498 794 date
517 711 582 839 elle
609 711 817 892 &samm
826 711 888 892 Αιέἱ
901 711 1233 892 illptllmndepm

185 869 190 878 .
245 845 255 889 ι
295 841 469 894 nennnem
490 842 669 894 mattmre
719 841 780 892 mo
820 839 861 891 en
897 871 908 906 ,
992 839 1056 892 nte

219 923 303 999 ittet
326 923 540 998 aeterium
559 931 593 996 tt
608 917 790 1016 sorno·
810 841 1235 1014 placataeatqtiittffe

121 1088 124 1094 ,
221 1024 332 1098 tentia
352 1017 589 1118 intelligamus.
613 1025 679 1096 .ln
700 1022 825 1122 quuuie
854 1022 1042 1108 intuitionir
1061 1020 1236 1122 empiricae

113 1192 118 1203 .
221 1115 430 1199 obiectoseu
446 1121 691 1198 Phaenomeno
715 1125 865 1223 primum
881 1117 964 1198 inell
977 1119 1123 1220 aliquid,
1148 1117 1237 1221 quud

221 1217 400 1299 sensationi
421 1217 664 1338 correspondet
685 1224 707 1294 i.
722 1245 752 1296 e.
764 1217 927 1298 'effectum
942 1219 1084 1312 obiecti,
1109 1245 1182 1320 quo
1196 1247 1238 1294 re

64 1349 70 1363 ·
193 1327 402 1426 „erptiuitae
421 1321 584 1412 allicitur,
625 1319 804 1424 producit}
855 1317 923 1396 ltoc
943 1345 1060 1398 autem
1082 1325 1239 1396 noterium

221 1423 457 1502 Phaenomeni
471 1421 641 1525 appellere
655 1421 760 1498 licent
810 1419 946 1498 Deinde
958 1445 1074 1499 autern
1090 1421 1240 1524 eptitudo

224 1523 337 1626 eliqua
362 1529 512 1600 cernitur
524 1531 559 1598 in
573 1523 838 1614 Phaenomeno,
862 1545 968 1624 quoe,
994 1527 1134 1598 vevaria
1149 1527 1241 1598 intui

226 1629 331 1703 tinnio
352 1623 395 1699 ab
413 1621 484 1726 ipso
506 1625 678 1701 deriuttae
693 1621 861 1702 elementa
877 1619 1061 1700 secundum
1076 1647 1185 1700 certat
1199 1649 1243 1700 re

225 1729 370 1804 tationes
401 1734 436 1802 in
464 1725 737 1828 apprehensone
758 1725 921 1826 componi
944 1723 1084 1827 poffint,
1136 1720 1242 1803 efficit

187 1881 193 1892 ·
226 1833 314 1908 Eum
331 1853 447 1904 autem
461 1825 825 1931 repraesentationem,
851 1831 886 1902 in
902 1853 969 1928 qua
983 1827 1150 1904 eiusmodi
1159 1853 1244 1902 com

80 2001 84 2007 .
227 1926 406 2032 positionis
444 1929 780 2029 coordinationiaque
819 1934 1014 2003 continetur
1047 1926 1245 2026 possibiliter,

220 2031 366 2130 fornum
381 2033 582 2126 piamontni
596 2029 756 2130 deinceps
775 2029 983 2103 vocabimur.
1031 2035 1189 2131 Sequitur
1200 2037 1247 2102 in·

229 2129 293 2216 de.
320 2137 497 2206 materiam
518 2129 657 2232 quidem
680 2129 910 2230 plroenomeni
926 2153 946 2204 t
960 2127 1135 2246 posteriori
1152 2129 1246 2204 nobit

73 2252 94 2299 ·.
230 2229 404 2341 prielrcti,
444 2225 708 2309 formamenta
730 2230 884 2305 eiusdem
905 2254 926 2305 a
948 2237 1052 2331 priori
1078 2235 1112 2309 in
1138 2257 1248 2307 mente

168 2357 172 2364 ·
230 2357 271 2408 vt
287 2340 533 2433 praeiacentcm
548 2356 582 2407 et
596 2335 692 2407 ortrni
709 2326 892 2405 sensatione
905 2337 1110 2407 anteriorem
1120 2332 1249 2410 etillcrc

231 2430 368 2507 debere.
417 2434 503 2508 lllud
517 2438 628 2522 eninr,
655 2432 749 2531 quod
764 2426 867 2507 efficit
880 2456 915 2506 tt
931 2428 1250 2525 settl'ationcrordine

231 2531 385 2633 quodam
409 2557 446 2609 et
464 2533 506 2605 ad
528 2557 637 2607 certat
657 2532 840 2605 relationea
856 2536 891 2605 in
907 2556 1024 2607 mente
1038 2534 1151 2609 nostra
1165 2560 1251 2609 com·

233 2656 426 2737 ponantur,
453 2627 563 2731 ipsum
586 2652 651 2707 nec
666 2626 729 2707 esse
742 2628 898 2721 l'enlttio,
922 2656 985 2708 nte
1001 2634 1043 2707 ab
1059 2658 1100 2709 ea
1115 2633 1252 2721 deriuari

166 2806 171 2813 ,
234 2734 365 2839 potest,
388 2733 483 2834 quod
505 2759 620 2809 tutem
644 2758 716 2807 non
737 2728 955 2811 osculatione
970 2734 1162 2829 detinetur,
1188 2762 1252 2811 non

105 2929 111 2941 1
236 2859 330 2911 extro
352 2858 433 2924 noo,
461 2830 516 2910 sed
538 2841 574 2929 in
595 2834 695 2909 nobit
709 2874 760 2893 -
785 2832 820 2907 id
833 2832 927 2909 ellin
943 2840 1122 2933 originaria
1137 2846 1252 2914 mentis

238 2932 670 3059 nolltaedieposttione-
694 2930 818 3029 exiliit,
850 2960 1137 3041 proptereaquea
1154 2946 1252 3044 prion‘

236 3032 439 3210 datu'nl-lesse
457 3160 572 3213 autem
597 3160 684 3239 pura
705 3132 1030 3237 phaenomenorum
1048 3134 1165 3215 forma
1179 3164 1252 3241 quo·

88 3272 93 3281 ·
183 3288 213 3338 ,Ι
237 3238 331 3315 niam
353 3235 697 3339 repraesentationem
721 3235 856 3315 exhibet
880 3236 1007 3313 directe
1027 3238 1069 3315 ad
1089 3242 1252 3317 obiectum

238 3336 401 3429 relatam,
428 3340 506 3415 inde
520 3344 648 3414 intuitio
664 3363 820 3439 quoque,
846 3362 881 3416 et
895 3337 941 3413 ob
957 3345 1096 3437 originis
1110 3344 1252 3417 nobilita⁴

138 3452 141 3457 ’
239 3460 313 3514 tem
337 3444 466 3517 intuitio
483 3465 567 3534 prun
583 3444 694 3513 vocari
709 3436 820 3514 debet.
872 3443 925 3515 Sic
939 3443 1084 3542 exempli
1099 3451 1207 3543 gratia
1222 3439 1252 3515 le

60 3590 63 3599 .
148 3558 154 3571 ·
190 3626 195 3631 .
240 3542 367 3642 paratio
391 3564 410 3613 a
431 3538 740 3642 repraesentatione
765 3536 918 3641 corporis
948 3548 1129 3634 omnibus,
1179 3570 1252 3647 quat

241 3663 302 3716 aut
324 3637 512 3715 intellectui
534 3640 577 3713 de
600 3665 643 3715 eo
667 3645 811 3740 cogitat,
837 3636 1011 3717 s'ubsttntio
1027 3644 1200 3740 videlicet,
1225 3650 1252 3719 ri

176 3782 181 3788 ·
212 3762 228 3806 ’.
246 3737 487 3833 diuilibrlitate3
513 3768 669 3843 quotque
693 3744 735 3815 ad
758 3736 977 3831 sensationcm
992 3751 1185 3845 pertinent,
1209 3748 1249 3823 du

76 3864 80 3871 ¹
242 3844 338 3931 ritie,
362 3842 477 3915 colore
494 3868 555 3917 etc.
578 3841 742 3942 supererit
757 3866 797 3916 ex
818 3840 883 3917 hac
904 3848 1085 3923 intuitione
1106 3855 1252 3951 empirica

242 3936 415 4015 residuum
438 3943 573 4043 aliquod
594 3944 689 4043 quod
713 3966 775 4017 nce
793 3966 856 4043 per
874 3946 1081 4022 intellectum
1101 3957 1252 4049 cogitatu

160 4127 166 4142 .
243 4065 310 4117 nec
325 4045 360 4115 in
375 4038 558 4119 sensatione
572 4048 776 4145 percipitur,
802 4040 1030 4121 extensionem
1045 4074 1129 4151 puta
1142 4076 1179 4127 et
1188 4048 1251 4149 figo

108 4164 114 4175 ·
241 4164 330 4216 ram.
386 4146 466 4218 Hte
493 4150 596 4244 igitur
623 4146 668 4219 ad
698 4146 915 4219 intuitionem
938 4170 1062 4249 puram
1084 4157 1252 4261 pertinent

1184 4272 1252 4357 quat
