2550 4550
402 311 623 369 ===
972 282 1093 411 n*

33 490 119 595 igitur
130 489 482 595 snitasmoitipiicium
496 498 531 569 in
544 496 734 587 intuitione,
747 516 914 599 qnatenus
927 500 1040 602 apri.
1111 516 1121 586 ,·
1159 528 1166 539 ·

32 602 72 669 ori
84 593 157 675 data
171 592 234 683 ess,
256 588 518 669 fundamentum
533 596 702 672 constituit
716 595 894 675 identitatis
902 624 1023 705 apper-

32 700 181 797 ceptionis
204 700 271 768 mei
293 692 394 795 ipsus
415 716 453 769 rt
473 701 668 795 cogitantis,
703 724 791 804 quae
811 702 949 801 quidem
962 728 1022 805 aps

30 801 202 901 perceptio,
213 802 260 869 vri
274 800 483 885 monuimus,
497 802 593 871 omni
612 801 954 896 repraesentationum
963 806 1020 876 c'o·
1079 875 1089 889 ,
1151 850 1155 855 ·

31 899 177 997 giratione
204 900 353 969 anterior
374 891 422 968 est
440 898 596 995 aptiori.
649 896 823 1000 Anaiyn'ca
849 927 930 975 vcro
952 901 1019 993 iiia,

30 1022 120 1097 quarn
149 992 310 1083 diximus,
348 998 455 1069 vniras
476 995 713 1087 conscientiae,
748 995 817 1071 sue
839 1000 1022 1077 identitatis
1052 995 1056 1012 '

31 1099 284 1199 opperreprionis
305 1100 339 1166 in
365 1100 461 1169 variis
486 1090 843 1195 repraesentationibus
872 1099 1022 1180 animad·
1119 1118 1125 1133 ·

32 1195 143 1283 tersio,
173 1191 231 1269 nis
252 1200 389 1315 praeuia
407 1202 677 1298 apperceptionis
697 1200 822 1272 unitate
837 1195 1023 1301 syntbetica
1131 1221 1133 1224 ·
1185 1243 1189 1250 ·

30 1294 210 1401 supposta,
249 1300 386 1396 eogitari
413 1304 540 1399 nequit.
596 1293 756 1373 inhaeret
768 1306 860 1375 eninr
882 1304 1022 1404 analyti-

30 1426 60 1475 ct
76 1394 293 1475 censcientiae
321 1401 429 1472 rnitas
452 1396 673 1500 conceptibus
692 1401 950 1494 commonibus,
983 1406 1022 1479 in
1069 1420 1072 1425 ’

29 1501 138 1603 quibus
159 1522 437 1574 recommonens
459 1499 573 1573 moitis
587 1496 945 1603 repraesentationibus
958 1528 1021 1579 no·

29 1626 87 1678 nm
100 1606 248 1702 cogitare
260 1595 399 1701 possm,
422 1596 548 1677 necesse
561 1597 625 1692 est,
649 1602 916 1679 uniuersaliorem
932 1603 1025 1682 hane
1123 1634 1126 1641 ·

32 1728 137 1779 notam
163 1726 242 1777 cum
265 1700 380 1777 mostis
400 1699 756 1803 repraesentationibus
780 1710 814 1780 in
840 1730 1027 1811 appercep·

29 1813 111 1881 tione
124 1801 308 1907 syntbttica
328 1802 542 1877 coniunsbam
563 1800 668 1879 suisse.
717 1809 912 1907 Conceptus
930 1812 1028 1883 enim

31 1910 210 1981 communis
236 1902 492 1980 anaustitudine
516 1902 876 2007 repraesentationum,
901 1906 1028 2007 quibus
1130 1976 1136 1988 ,
1178 1964 1181 1970 .

30 2034 123 2108 seque
135 1998 341 2095 inhaerebit,
356 2002 535 2081 abstrassus
550 2002 606 2083 esb
637 2010 676 2081 in
690 2011 815 2081 onitate
827 2012 929 2107 igitur
939 2032 1025 2084 eunt
1047 2006 1054 2023 ’
1192 2046 1196 2056 ·

28 2110 85 2183 aiiis
96 2108 282 2212 syntbetica
295 2108 433 2209 eogitari
446 2104 606 2197 debebat,
621 2130 803 2208 antequam
819 2132 898 2183 turn
914 2108 1027 2187 detra·

30 2208 109 2284 dum
126 2232 161 2286 er
173 2205 340 2308 singulum
355 2230 417 2310 per
429 2214 588 2283 unitatem
598 2208 1028 2310 anaiyercnnneebneona
1104 2248 1113 2263 =
1161 2231 1166 2248 ·

30 2309 246 2412 prehendere,
261 2309 408 2410 indeque
421 2307 777 2412 repraesentationibus
791 2318 1027 2413 perroirateot
1065 2315 1070 2324 ’
1127 2330 1130 2339 “

31 2405 1029 2592 diuisistissiissssssii‘iiiis‘fiiis‘si'sss‘

31 2541 170 2690 cbiorem
185 2534 327 2688 rubbum
351 2616 385 2686 in
398 2635 522 2712 genere
534 2611 717 2708 cogitando
729 2537 958 2715 {creditarum
971 2537 1030 2689 ass·
1127 2689 1132 2702 ,

31 2713 322 2820 quoddesgnatur,
335 2713 428 2818 quod
443 2718 477 2789 in
492 2713 703 2790 obicsiorom
718 2718 897 2791 intuitione
910 2714 1032 2820 depre-

31 2817 127 2892 hendi
140 2841 176 2894 et
189 2839 269 2892 cum
283 2816 353 2890 siiis
366 2809 723 2919 repraesentationibus
737 2811 1033 2894 coniunssumesse

29 2915 140 3021 potest.

31 3159 181 3241 Suam
200 3113 384 3262 cognitionis
404 3052 821 3256 ssmbnrsaprinripinsssoe
831 3153 892 3256 cys:
915 3157 1038 3238 nunu
1146 3161 1152 3170 ’

94 3279 192 3378 puero
219 3281 395 3353 currina
402 3277 469 3374 sn
486 3281 713 3352 marmiun
730 3275 1036 3386 musmones

96 3413 150 3467 rat
173 3391 419 3492 rpperrepiionir
437 3387 741 3486 comprehendantur.

123 3527 304 3624 Quaenam
324 3521 365 3602 sit
384 3517 534 3602 conditio
563 3519 782 3623 possibilitatis
800 3521 1039 3612 intuitionuns,

31 3625 138 3728 quoad
158 3621 417 3720 sensualitatem,
449 3619 647 3726 multiplicia
665 3620 785 3700 scisitet
802 3645 841 3698 se
861 3616 920 3698 sub
940 3616 1039 3724 spatii

31 3753 62 3803 et
86 3730 255 3830 temporis
282 3727 494 3806 conditiones
520 3719 683 3800 sonnsies
710 3717 963 3808 subsumantur,
999 3723 1039 3797 in
1098 3735 1102 3742 ·

31 3827 213 3905 sebberits'
225 3819 517 3902 transscendentaii
530 3819 628 3998 supra
643 3819 909 3925 espiieaturnesb
941 3825 1041 3916 Quo·

31 3925 134 4044 modo
154 3940 269 4004 aorem
298 3923 485 4002 inseiiesbus
506 3947 546 3999 er
592 3927 659 4000 iace
678 3917 1041 4025 repraesentationibus

30 4032 190 4139 muscis
203 4031 439 4138 commonent
454 4017 753 4207 ‘ffi““(;‚“¹²“·
953 4141 1029 4200 m

755 4017 850 4134 qaod
863 4016 1047 4178 pessimus
1106 4021 1110 4036 '
1265 4010 1266 4021 '
