2550 4550
424 338 644 393 ²²⁸³
981 358 1049 433 τις
1163 410 1166 417 .

57 524 180 618 Semper
200 520 291 590 enim
307 512 521 593 surccffiuunt
542 520 584 593 ab
598 543 668 593 rno
682 516 723 597 ad
738 516 883 596 alterurn
899 542 1057 595 murnen-
1098 584 1102 601 .

57 644 120 695 tum
146 615 350 719 progreffurn
379 624 584 719 cogitantes,
634 646 672 694 cx
703 620 875 697 additione
903 628 1056 720 partiunt

58 724 206 819 rtrnpotis
225 743 391 819 quantum
414 719 549 821 aiiquod
573 718 751 794 definitum
776 730 941 825 temporit
955 746 1058 823 gene·

58 846 167 893 rantur.
218 826 256 893 lu
280 846 347 891 vno
369 846 508 919 quoque
522 846 637 894 autern
653 822 894 921 phaennmrno
907 822 941 895 id
956 822 1057 913 reale,

58 918 138 1021 quod
152 915 321 991 sensatiorn
335 920 593 1020 correspondet,
608 919 650 993 ab
664 945 706 995 eo
720 920 944 1020 distinguitur,
961 920 1058 1023 quod

58 1024 93 1094 ab
106 1024 288 1092 introitionis
302 1017 431 1110 forma,
458 1026 583 1111 menti,
606 1046 676 1093 non
693 1018 845 1109 obiestn,
859 1020 1059 1097 inhaerente

57 1119 188 1211 accedit,
211 1144 246 1194 ct
260 1146 321 1219 per
336 1120 429 1221 quod
446 1127 541 1196 rnicc
562 1122 650 1195 rcaie
668 1118 797 1195 illudio
813 1118 1058 1223 phaenomenu

57 1220 110 1295 sisti
130 1221 406 1321 apprehendique
427 1222 547 1323 potest.
597 1220 638 1298 Iri
659 1221 867 1323 igiturquod
883 1248 997 1297 nterae
1010 1220 1060 1299 cst

56 1326 231 1395 intuitionis
251 1328 286 1393 in
310 1322 553 1421 phaenomcno
573 1326 624 1396 vel
648 1319 790 1422 spatium
813 1320 877 1407 est,
905 1323 955 1395 vel
973 1346 1061 1397 tem·
1159 1394 1162 1412 ,

56 1447 131 1523 pus;
155 1419 238 1496 haec
252 1448 367 1497 aurern
381 1423 485 1497 ambo
500 1448 609 1523 quum
624 1420 687 1496 fine
703 1446 827 1521 quanta
842 1420 1009 1497 ertensrua
1022 1426 1061 1502 in

57 1520 369 1619 repraesentatione,
400 1524 478 1598 inde
502 1520 661 1597 efficitur:
694 1523 953 1623 phaenomena,
978 1547 1062 1623 qua·

58 1645 149 1695 rtnus
169 1621 299 1696 obieeta
321 1620 397 1697 sunt
416 1627 622 1711 intuitionis,
649 1628 682 1696 in
699 1622 764 1697 istis
779 1646 911 1698 tanturn
926 1648 1061 1723 reprae-

55 1722 234 1813 {cntabiiia,
260 1730 362 1797 etiam
383 1749 510 1825 quanta
531 1722 594 1797 effe
613 1721 736 1798 debere
750 1720 917 1797 exteniiua
930 1728 953 1797 i.
968 1750 997 1799 c.
1012 1746 1063 1799 ta·
1102 1774 1104 1779 -

54 1824 108 1910 iit,
133 1848 220 1922 quae
232 1846 365 1898 tanturn
382 1849 444 1924 per
458 1823 668 1898 turceffiuam
685 1829 832 1925 partiunt
847 1823 1064 1923 iynthestnin

54 1923 316 2023 apprehcnfionc
329 1930 457 2028 percipi
472 1921 607 2023 pofftnt.
655 1921 1065 2009 Suctcffiuaautemhaea
1108 1966 1114 1983 ·
1164 1944 1166 1948 ·
1208 2009 1212 2017 Ι

55 2022 210 2121 i‘yntheiis
230 2033 396 2126 temporis
416 2024 561 2099 inuoluit
574 2030 844 2124 generationem,
871 2048 974 2125 quarn
989 2030 1065 2125 qui·
1215 2040 1218 2045 ·

53 2127 126 2196 dent
141 2122 277 2199 schema
292 2122 354 2200 effe
369 2126 512 2199 diximus
532 2132 736 2225 quantitatis.
762 2126 913 2227 (nnaiyr.
926 2120 1071 2202 trantsea·

53 2227 262 2329 hulieni.
274 2233 297 2301 1.
312 2228 344 2327 §
360 2239 411 2318 4.)
443 2226 526 2304 illud
536 2234 651 2326 igitur,
667 2226 929 2328 quoddirintut,
945 2230 1066 2304 omnia

52 2333 210 2401 nimirum
231 2328 470 2432 phaenomena
491 2327 604 2428 quoad
624 2336 841 2403 intuitionem
855 2352 981 2429 quanta
998 2326 1071 2408 effe.

53 2428 234 2520 trtenfiua,
258 2430 341 2502 nihil
363 2431 452 2504 aliud
475 2430 532 2502 sibi
553 2429 644 2519 ruit,
673 2455 777 2530 quant
800 2435 916 2526 omnia
931 2427 1067 2509 obieris

53 2533 239 2604 intuitionis
251 2535 296 2605 ita
311 2528 374 2604 eise
389 2553 601 2631 comparata,
627 2552 664 2602 rt
676 2536 710 2602 in
725 2528 864 2602 isturunt
872 2527 1066 2629 apprehen·
1102 2609 1105 2616 ,
1140 2601 1144 2608 .

53 2626 140 2705 stone
153 2655 219 2733 per
240 2627 409 2732 synthestn
423 2627 632 2704 succcffiuam
649 2635 795 2730 partiunt
811 2652 948 2728 ternpus
963 2637 1076 2728 geneu'

52 2754 153 2808 retur.
205 2732 351 2809 Schema
372 2737 475 2831 igitur
492 2736 688 2833 quantitatis
709 2735 744 2804 in
764 2727 833 2804 huc
847 2735 1013 2830 principio
1028 2749 1067 2807 vt
1145 2799 1147 2807 ,

52 2831 265 2910 obiectorum
280 2831 481 2906 intuibiiiutn
495 2832 725 2932 praedicarunt
741 2854 926 2904 rontrnune
939 2823 1069 2929 expres·
1097 2898 1101 2907 .

52 2925 122 3006 iurn
144 2933 211 3024 est,
226 2927 299 3030 (cf.
322 2932 456 3032 Analyr.
476 2930 613 3011 trantsr.
627 2933 700 3004 Lib.
721 2933 1069 3030 11.crp.11.1reroit.

53 3025 82 3126 §.
98 3041 153 3134 a.)
181 3031 241 3109 sub
254 3057 325 3134 quo
340 3030 581 3136 phaenomena
596 3027 1069 3130 nonnifipergenerationent

52 3140 219 3311 ἔὲιοροήι
231 3139 372 3332 piusque
387 3153 645 3335 mprrsttpporurn
659 3125 834 3305 ἀὲἧηίηω
848 3131 995 3232 aiiquarn
1009 3126 1069 3206 adr

134 3259 220 3314 nem
250 3248 433 3312 numerum
476 3257 499 3309 u
536 3256 607 3308 unu
621 3254 669 3335 po
696 3251 769 3310 unta
873 3255 876 3262 ’
912 3270 914 3276 ’

122 3751 280 3846 qemun
299 3742 411 3813 dart·
429 3737 613 3836 asenneiir
625 3737 845 3825 ammaim,
866 3735 1000 3834 quusi
1017 3733 1074 3818 dra,

120 3857 353 3936 amman
371 3858 579 3960 poeniteres·
592 3855 772 3954 purim,
802 3857 946 3928 aurate
963 3841 1074 3969 ὀΜ

119 3963 420 4114 Μιμ
505 4067 509 4072 ,
