2550 4550
229 307 314 382 tot
638 283 866 346 ’ΞΕ-’5

161 533 164 540 ·
242 485 411 582 quatenut'
432 487 469 558 ln
491 497 536 553 eo
549 489 737 570 coottptm
750 463 796 544 de
815 461 950 544 obiello
963 461 1146 547 lobiidenti
1159 472 1199 545 in
1212 495 1264 570 ge·

241 607 344 680 utrm·
379 593 401 666 i.
421 610 453 662 et
472 568 780 668 tranrlcendentalc
801 565 986 647 lobietlum
1005 565 1086 646 ='x
1106 569 1178 649 line
1200 576 1264 652 ello

241 695 437 788 Praedicare
449 689 637 788 cogitatur,
663 671 721 750 hic
733 679 770 748 in
784 696 989 774 computum
1003 679 1119 752 tenire
1134 682 1261 774 nequit,

242 810 284 880 ln
304 797 388 874 idtio
408 793 501 865 enim
522 774 914 864 t'tunalcendentnlibut,¹
946 797 1115 875 quatenus
1137 775 1181 851 ad
1196 802 1264 851 cor·

243 897 431 995 mologiam
451 889 641 988 pertinent,
664 873 841 978 sphaeram
862 899 935 949 non
956 873 1152 952 excedimus
1166 881 1264 950 intui·

242 1002 383 1088 bilium,
404 990 459 1068 scd
474 1006 609 1066 tantum
624 976 717 1054 senei
732 973 1055 1079 phaenomenorum
1078 973 1264 1052 absolutam

244 1099 465 1181 totalitatem,
491 1109 596 1190 quam
615 1083 820 1181 experientia
842 1101 913 1152 non
934 1072 1144 1178 suppeditat,
1167 1084 1263 1154 ratio

179 1263 188 1280 .
245 1207 299 1279 nia
313 1188 603 1292 anxiliolupplere
617 1179 801 1254 studentur.
850 1178 965 1254 Parilis
979 1177 1027 1253 eil
1039 1184 1264 1276 rationatcgo·

245 1311 316 1381 tiae
338 1293 533 1375 commercii
552 1281 820 1359 substantiarum.
868 1280 909 1353 ln
938 1277 1004 1354 hac
1026 1283 1120 1354 enim
1142 1279 1264 1355 noni-¹

244 1402 320 1482 mul
342 1419 423 1474 cum
443 1407 614 1490 conceptu
629 1381 701 1484 ipl'o
716 1377 879 1482 regnum
893 1379 935 1454 ad
950 1375 1169 1455 conditionea'
1179 1384 1265 1478 cogi·

245 1523 348 1582 tatur.
399 1497 493 1593 Quin
509 1493 624 1588 potine
638 1479 835 1556 litbllantiac
849 1486 884 1581 in
899 1483 1108 1557 commercio
1118 1480 1265 1556 acciden-

245 1613 372 1684 tiorum
387 1591 604 1679 constitutae,
631 1611 667 1660 vt
682 1606 881 1685 aggregatae
894 1576 1048 1674 tantum,
1072 1577 1264 1658 nonvtlub·

179 1737 182 1748 ·
215 1772 222 1788 .
243 1707 440 1792 ordinatae,
463 1714 620 1795 quicque
640 1711 707 1762 una
728 1683 963 1760 conditionem
982 1679 1206 1787 polltbilitatit
1225 1683 1265 1759 al·

146 1885 148 1892 Α
244 1813 351 1888 terius
366 1795 588 1884 constituant,
613 1787 816 1866 confidcrati
832 1785 976 1878 debent3
1001 1811 1107 1888 quare
1127 1785 1220 1860 nulla
1233 1791 1264 1860 in

245 1907 323 2018 iplin
340 1893 533 2008 lqmtltel'eot
547 1889 746 1992 regrelsiuae
760 1909 781 1962 a
795 1885 1028 1964 conditionatn
1043 1886 1084 1960 ad
1101 1887 1264 1960 conditio·

245 2037 308 2088 net
330 2005 477 2082 totalitna
500 1999 658 2092 cogitari,
682 2016 747 2066 net
769 2014 833 2092 per
852 1984 1150 2088 consequcnaidea
1165 2013 1264 2085 tttnt·

244 2103 463 2192 scendentalit
476 2095 619 2173 lomim-i
634 2091 753 2198 potest

349 2235 456 2344 Quod
471 2259 586 2316 autem
600 2229 643 2307 ad
658 2223 930 2332 praedicamenta
948 2220 1155 2301 modaiitatit
1168 2228 1265 2325 pcrti-

246 2370 325 2441 net,
356 2368 445 2446 quate
466 2337 510 2415 ad
531 2332 737 2413 existentiam
755 2326 914 2433 lpeilant
932 2324 1265 2429 phaenontenorum

122 2446 125 2454 ¹
246 2461 284 2529 in
299 2459 346 2525 eia
361 2466 495 2522 tantum
516 2431 697 2537 regreffina
709 2436 882 2523 inuenitur
896 2425 1076 2531 synthefia,
1100 2452 1264 2529 quotenne

199 2638 201 2643 ,
248 2551 418 2633 existentia
432 2540 665 2647 phaenomeni
680 2560 716 2613 tt
729 2528 1164 2633 contingencconfiderata,
1190 2555 1264 2605 con·

149 2662 153 2673 '
246 2656 416 2737 ditionem
441 2643 657 2728 ulteriorem,
707 2661 728 2710 a
756 2661 824 2738 qua
843 2632 929 2710 ltaec
949 2636 1022 2709 ciue
1040 2632 1266 2731 contingentia

246 2754 415 2863 pendent,
438 2748 599 2844 requirit,
622 2738 778 2841 haecque
794 2740 927 2839 iterum
947 2757 985 2808 vt
1005 2740 1120 2808 contin
1146 2758 1205 2807 cnr
1226 2734 1266 2805 ab

194 2902 200 2915 ·
248 2859 353 2937 altera
381 2850 453 2927 clici
482 2846 593 2921 debet.
645 2844 728 2917 Hoc
755 2863 856 2915 more
886 2829 1050 2937 regrellut
1079 2758 1265 2925 tollintur,

64 2946 69 2953 ¹
156 2996 160 3005 ·
226 2992 228 3000 ’
246 2944 355 3063 quem
373 2946 557 3028 secundun
578 2938 681 3047 ipliut
693 2943 900 3043 principium
915 2931 1120 3039 persequent
1132 2943 1217 3013 tatio
1233 2939 1265 3007 in

246 3063 325 3137 idea
339 3056 480 3131 demum
494 3042 790 3123 trantl'cendentoli
810 3038 980 3116 abiolutae
994 3034 1207 3126 nccellrtatia,
1233 3041 1264 3110 in

120 3172 141 3221 9
200 3241 208 3257 ,
247 3175 325 3267 qua‘
352 3156 627 3254 contingentium
661 3150 858 3223 continetur
883 3138 1052 3229 totalitas,
1102 3133 1265 3215 subfillere

126 3306 128 3311 v
220 3264 392 3367 cogitur.

351 3400 404 3475 Sic
425 3412 574 3495 quatuor
592 3406 726 3462 tantum
741 3376 833 3455 ideae
851 3360 1172 3455 transscendentalci
1185 3380 1265 3452 circa

249 3500 497 3595 etimologiam
513 3486 713 3566 rationalem
729 3482 799 3557 dari
814 3504 925 3582 patet,
950 3480 1034 3556 dum
1058 3475 1207 3555 absoluta
1221 3504 1265 3556 to·

145 3647 149 3665 ·
251 3605 379 3683 talitate
395 3604 429 3671 in
444 3589 693 3694 compofinone
705 3578 866 3673 uniuersi,
890 3580 1042 3659 absoluta
1056 3578 1265 3657 materiacdi·

213 3708 216 3716 ’
247 3704 395 3791 uilione,
420 3690 572 3771 absoluta
593 3685 810 3777 cauil'rlittte,
830 3678 982 3760 absoluta
1001 3684 1149 3784 denique
1163 3676 1265 3757 neces·

248 3804 361 3894 litate,
413 3794 621 3899 quadruplex
650 3786 709 3863 iila
739 3786 975 3863 conditionum
998 3782 1115 3870 scrico,
1165 3806 1264 3885 aqut

113 3936 117 3949 ·
249 3928 358 3981 omne
372 3902 643 3973 conditionatum
658 3898 693 3965 in
704 3886 951 3993 pltaenomeno
962 3880 1265 3990 pendet,perfclla

248 4002 490 4103 completaque
501 3994 629 4071 iillitur.

1180 4122 1213 4223 §-
1238 4144 1265 4213 t·
