2550 4550
227 338 302 432 1⁴16
386 276 404 330 ἰ’
461 296 546 394 ”·
618 318 941 393 -·’

62 708 121 797 ’.
222 716 1232 827 eoncepmrdetmitiioee,·peruperrenmnmnobit

223 828 405 917 ertiomr,
435 844 547 921 quum
566 814 684 900 sotme
701 818 980 926 fiterpmicncim
992 830 1057 903 rim
1072 822 1233 905 iusiimen

76 943 80 950 ’
138 982 144 995 .
198 926 307 1015 ,dom
334 918 473 1005 oecoifi
487 918 799 1001 indeterminando
810 918 1139 1027 ,phaenomenornm
1153 954 1235 1008 nero

17 1035 25 1053 ‘
128 1053 132 1063 ·
178 1100 182 1115 ,
222 1018 448 1129 fignffitttom
467 1018 605 1099 mont
652 1030 816 1102 omnen
835 1024 1041 1103 oooinhoc
1054 1050 1234 1130 conceptue

225 1125 495 1227 orcu'empirico
514 1117 775 1223 subsistendum,
805 1118 861 1201 sed
882 1123 1059 1247 necessarie
1077 1126 1121 1203 td
1134 1150 1235 1208 nonr-

224 1219 474 1303 scendentcsem
487 1223 732 1301 recurrendum
746 1221 794 1302 est
806 1236 995 1327 origmem,
1013 1224 1083 1303 finc
1094 1253 1164 1328 que
1177 1256 1236 1309 nec

81 1372 90 1385 ,
130 1343 138 1359 „
225 1324 519 1431 mmmm,
538 1347 720 1428 perquam
733 1327 1264 1430 empiriceeiutinnobitexci}

32 1508 39 1521 ι
153 1490 156 1495 .
199 1450 319 1503 ‘tutor
333 1422 610 1531 repraesentatio,
628 1422 789 1525 pcffibilie
802 1421 905 1503 soret.
941 1426 1264 1506 mecumtecum

47 1554 59 1569 ·’
224 1552 288 1631 per
308 1526 421 1627 segem
441 1519 639 1601 ccuseiitctit
653 1550 796 1601 omnem
811 1524 855 1601 de
869 1524 1235 1703 obiesiorepracscntr·

102 1711 106 1720 ,
170 1666 175 1675 ·
225 1635 358 1721 tionem
385 1628 540 1729 primum
565 1622 751 1727 possrbiiem
774 1626 908 1717 reddit,
940 1626 1024 1705 dum
1040 1672 1047 1679 -
1066 1629 1235 1727 erundum

74 1758 79 1767 ·
145 1808 149 1821 ,
220 1752 300 1805 eom
321 1726 767 1831 phaenomenoeorumque
786 1724 993 1803 existentiam
1006 1724 1066 1807 sub
1080 1728 1235 1807 ordinem

38 1896 43 1909 .
161 1913 165 1931 Ι
219 1829 369 1929 usiquem
389 1821 552 1903 subsumit
571 1832 758 1926 temporie,
787 1850 822 1901 et
838 1826 1052 1930 intorquet
1070 1836 1177 1931 priori
1192 1831 1235 1905 lo·

219 1954 302 2007 cum
324 1932 360 2002 in
382 1920 454 2026 ipso
476 1920 632 2022 assignet,
666 1932 725 2023 qui
747 1950 810 2003 nec
833 1934 1021 2027 permumri
1035 1934 1235 2007 necinutrti

70 2064 74 2073 ·
99 2030 105 2052 ¹
217 2026 343 2131 potest.
395 2030 620 2098 Hocctuccm
635 2026 842 2125 intempore
857 2049 876 2100 e
891 2028 997 2126 priori
1011 2026 1237 2107 determinate

100 2136 103 2141 ·
127 2132 134 2163 “
155 2142 160 2154 ·
216 2125 412 2203 consecutio
427 2146 498 2195 non
512 2122 555 2195 ob
577 2120 688 2219 usique
703 2118 1026 2221 phrenomtnorum
1041 2124 1083 2201 ad
1097 2148 1238 2228 tempor

105 2251 111 2283 ·
170 2250 184 2266 ··
218 2222 411 2304 ebs'osutum
431 2220 595 2296 relatione
615 2220 761 2298 deriuari
775 2220 903 2323 potcst;
926 2223 1025 2318 (talin
1038 2232 1129 2304 enim
1147 2236 1240 2330 cogi·

124 2345 134 2363 “
179 2340 183 2346 ’
221 2331 286 2404 tori
299 2329 444 2401 omnino
457 2325 587 2419 nequit,
605 2343 686 2394 cum
702 2327 867 2424 temporit
881 2321 1150 2430 nuileeffepossit
1165 2354 1243 2431 per·

223 2431 338 2526 ceptio
353 2417 446 2498 cons.
463 2435 567 2521 Aput
588 2447 617 2497 r.
631 2423 665 2519 p
681 2425 740 2514 4.)
763 2449 884 2501 rtrum
897 2421 1148 2526 phoenomenis
1163 2429 1243 2530 ipsit

92 2535 96 2544 '
220 2522 322 2602 inesse
349 2525 452 2598 debet
479 2522 616 2598 stabitur
641 2517 684 2595 ad
705 2518 1000 2601 determimndum
1022 2525 1081 2600 sibi
1103 2526 1182 2628 ipsiu
1205 2537 1244 2609 in

53 2666 55 2673 ·
189 2623 194 2635 ’
220 2647 381 2728 tempore
399 2623 533 2713 iocum,
566 2627 587 2695 i.
601 2647 632 2696 e.
648 2618 681 2692 id
697 2623 790 2721 quod
804 2619 845 2698 fit
857 2647 918 2701 cut
931 2619 1168 2728 consequitur,
1193 2625 1243 2706 sc·

220 2729 375 2804 cundum
395 2722 507 2820 legem
527 2717 748 2796 rniuersnscm
768 2747 808 2798 et
834 2749 877 2800 eo
899 2725 992 2828 quod
1014 2727 1243 2806 antecedebat

104 2901 108 2911 ,
164 2831 193 2907 J
220 2829 370 2906 deriuari
388 2824 508 2916 debet,
541 2847 582 2897 cx
602 2846 674 2923 quo
694 2817 794 2899 serice
815 2830 925 2902 oritur
944 2826 1113 2906 obieidiuc
1131 2829 1245 2934 phac·

218 2949 473 3016 nummorum,
505 2922 654 3000 eundem
675 2926 832 3000 ordinem
854 2949 957 3030 etque
972 2953 1097 3034 nexum
1113 2955 1244 3034 perpe.

53 3035 57 3048 '
219 3054 321 3110 tuum
336 3025 448 3102 sissent
462 3029 521 3124 qui
535 3029 739 3126 intempore
753 3047 789 3100 rt
803 3021 916 3102 forma
932 3031 1119 3115 intuitionit
1134 3037 1247 3109 inter·

129 3185 133 3195 .
219 3157 286 3208 nte
300 3154 320 3204 c
333 3131 438 3229 priori
458 3121 671 3226 conspicitur.
720 3131 934 3236 Experientic
951 3132 1054 3228 igitur
1072 3157 1154 3209 rere
1169 3131 1248 3210 cffi-

218 3239 325 3321 citur,
343 3230 428 3302 dum
440 3225 709 3329 phaenomenon
725 3251 762 3302 rt
777 3227 960 3303 secundum
974 3231 1090 3308 iocum
1105 3239 1141 3310 in
1151 3257 1247 3312 tem·

78 3403 81 3409 .
125 3405 130 3420 ,
150 3427 155 3434 .
217 3357 306 3456 pore
318 3329 601 3414 determinatum,
616 3331 650 3400 id
665 3325 712 3402 est
727 3341 764 3406 ut
777 3327 923 3418 obsessum
936 3329 1122 3428 confidem,
1138 3337 1246 3434 quod

23 3833 31 3844 ’
115 3882 117 3885 -
218 3864 305 3944 pore
326 3843 348 3912 s.
370 3863 401 3912 e.
417 3827 592 3910 nrccssoric
606 3828 666 3905 sub

10 4087 15 4100 ·
75 4145 78 4150 Ι
217 4041 388 4145 appellare
413 4037 508 4126 iicet,

183 3530 188 3542 .
218 3462 255 3511 m
276 3459 363 3529 nexu
380 3436 644 3534 perceptionum
667 3453 708 3504 ex
728 3429 801 3548 sege
817 3435 959 3508 inueniri
973 3433 1085 3510 debet.
1136 3441 1248 3516 Haec

216 3557 335 3637 autem
355 3533 407 3606 scx
428 3529 750 3632 phoenomenorum
774 3555 809 3608 tn
826 3527 907 3608 serie
921 3541 1088 3635 temporit
1102 3561 1249 3640 ponen-

130 3710 132 3715 ,
169 3671 172 3676 ·
217 3639 345 3755 dorum
365 3632 401 3706 id
422 3632 591 3804 muniuita
617 3653 656 3704 rt
676 3634 711 3704 in
725 3655 768 3706 eo
783 3631 877 3751 quod
897 3638 1066 3758 antecedit
1080 3640 1250 3758 conditio

217 3758 448 3822 ‘⁰¹¹“¹'‘²‘¹''’
469 3732 568 3806 “⁹⁰''
593 3754 654 3804 ‘¹⁸¹¹
667 3732 926 3932 desiistis
940 3733 1252 3949 Εὲἒέἕὲἶὲἑξῖῗί

88 3938 92 3957 “
126 3975 129 3979 ·
185 3945 190 3957 ’
218 3966 278 4017 tur
299 3935 511 4026 causalitrtit,
543 3935 638 4110 pund
661 3957 694 4008 et
707 3941 896 4036 principium
910 3941 1253 4042 rotiunirfitffiritntir

563 4032 812 4116 undamentum
834 4043 988 4156 continet
1001 4051 1256 4150 ,experientiae

1070 4213 1073 4218 .
1139 4149 1257 4256 pusii·
