2550 4550
230 305 356 398 ,rivru
535 271 766 414 Praeferre
797 306 961 396 'darm
1016 339 1019 344 ·

231 546 342 628 aquae
355 521 430 598 neci
448 515 508 604 dibi
520 515 792 621 ponderirparer
802 541 951 618 aequom
958 447 1178 621 mginuecc,
1189 540 1252 596 nce

233 667 307 720 non
328 635 405 743 post
426 637 561 736 iongiur
580 633 797 716 interuallum
815 638 961 714 Seciiiur
982 635 1118 716 meeada
1139 639 1175 712 in
1190 629 1253 712 cai·

92 806 97 814 ·
190 842 195 854 ,
218 768 308 842 'cern
321 756 453 860 redegit
465 747 647 854 rursusque
659 759 696 829 in
706 751 884 856 pristinum
898 753 1021 832 (iarum
1037 751 1250 832 mctallinum

105 965 109 974 ‚
229 879 425 970 reuocaui,
456 897 540 950 eune
552 871 713 947 omnibus
728 895 868 950 naturae
882 871 1107 976 explorandae
1121 877 1252 980 incum-

231 996 394 1081 bentibur
424 1014 559 1068 nouum
583 1013 624 1066 er
650 991 826 1090 inopinato
859 989 979 1066 iumen
1009 1014 1167 1066 caorrunr
1194 983 1251 1075 eii,

232 1125 306 1198 lam
321 1117 415 1190 enirn
430 1104 788 1210 comprehendebant,
813 1111 982 1210 radonem
997 1131 1037 1184 ca
1051 1099 1188 1185 rancum
1201 1111 1251 1182 in·

120 1231 123 1237 '
159 1295 162 1301 .
231 1231 400 1332 ailigere,
431 1249 519 1327 quce
537 1220 606 1326 ipsa
625 1218 811 1300 secundum
825 1223 1001 1303 confilium
1015 1251 1034 1302 a
1049 1229 1155 1332 priori
1171 1247 1250 1301 con·

75 1409 79 1423 .
230 1349 386 1428 stitutum
411 1341 588 1446 producite
625 1339 706 1418 huic
727 1347 829 1446 igitur
848 1341 912 1422 eise
932 1343 1166 1448 praeeundum
1192 1367 1250 1418 na·

91 1516 95 1529 ·
233 1489 347 1555 turae,
372 1461 488 1564 legum
509 1483 680 1536 certarum
694 1483 730 1538 ee
743 1485 988 1572 perpetuarum
1004 1465 1178 1566 principiis
1191 1458 1250 1536 du·

232 1583 406 1674 centibur,
425 1603 490 1656 nee
503 1605 585 1655 vero
598 1603 619 1653 a
632 1603 753 1656 natura
765 1605 830 1656 nor
843 1576 934 1684 quadi
950 1575 1095 1658 rcrsoria
1108 1585 1252 1656 circum·

231 1709 287 1802 agi
302 1698 443 1790 debere,
467 1722 539 1798 quo
554 1695 694 1774 eandem
708 1695 905 1774 deferamur
919 1695 1036 1790 neieii3
1062 1695 1142 1776 aim
1157 1703 1250 1788 enim

233 1816 508 1897 obseruationum
533 1821 735 1914 contingens
756 1817 863 1894 existit
878 1818 1007 1906 moire,
1033 1813 1157 1919 absque
1172 1841 1249 1918 pru·

118 2027 124 2034 ,
232 1935 345 2043 pofito
358 1937 507 2014 anterius
521 1931 707 2012 deiiberaeu
727 1959 950 2037 congregata,
973 1959 1037 2012 nec
1052 1939 1087 2010 in
1101 1958 1168 2010 rna
1181 1958 1249 2010 cer·

233 2082 271 2141 ca
285 2079 321 2132 ee
341 2047 516 2128 neeeiiaric
537 2048 612 2150 lege
630 2053 836 2145 cohaerens,
862 2055 931 2130 ime
944 2078 1012 2157 qua
1027 2075 1144 2130 tamen
1159 2050 1250 2126 nuiia

86 2159 89 2165 ¹
232 2168 440 2252 rationabili·
461 2167 734 2270 damrcugniu'o.
784 2179 836 2248 lca
849 2176 951 2273 igitur
963 2167 1251 2275 periuraeeeden·

224 2292 317 2370 dum
349 2286 396 2368 est
417 2284 460 2367 ad
490 2312 665 2382 naturam,
712 2315 750 2366 ve
768 2296 942 2395 principiis
963 2294 1121 2380 rariunic,
1138 2286 1248 2364 ³vndc

230 2412 481 2518 phaenonrenir
500 2404 845 2511 correspondentibus
865 2416 914 2486 vir
932 2410 1061 2487 arecdie
1075 2410 1177 2509 legun
1193 2432 1249 2483 na·

137 2584 143 2591 -
231 2530 411 2619 curriium,
446 2524 578 2627 praede
600 2524 640 2603 sre
659 2534 950 2633 experimentum,
981 2524 1166 2607 seeundum
1182 2521 1249 2630 ipse

229 2648 317 2727 brec
336 2634 499 2749 principia
520 2651 767 2745 excogitarem,
793 2672 857 2724 nee
873 2651 932 2750 qui
946 2672 967 2725 a
980 2672 1100 2725 nutura
1114 2652 1178 2723 ricc
1192 2670 1247 2721 cu·

133 2815 148 2831 ·
229 2772 283 2871 pic
297 2763 432 2843 edoceri
447 2757 595 2864 discipuli
609 2758 774 2866 fungatur
787 2762 921 2859 officie,
950 2772 1068 2843 emnia
1083 2788 1248 2869 quaeeun-

228 2911 298 2989 que
318 2878 477 2985 magistro
497 2877 656 2959 uidentur
676 2888 887 2988 recipientis,
921 2879 976 2961 sed
1000 2884 1118 2962 iudicio
1134 2890 1248 2989 pocius

163 3039 167 3046 ·
227 3000 384 3083 sustinear
404 3006 509 3092 viere,
538 3006 599 3103 qui
621 2999 720 3079 testea
737 3003 781 3079 ad
795 2998 1068 3107 respondendum
1084 3002 1248 3107 quaestiu-

77 3175 79 3178 -
229 3120 333 3195 nibur
352 3114 533 3220 propeficic
546 3117 660 3221 edigir.
711 3125 765 3198 Sic
779 3126 880 3221 igitur
892 3116 961 3222 ipsa
975 3120 1136 3197 naturalia
1148 3116 1248 3197 scicn-

186 3314 190 3318 ,
227 3244 275 3314 eia
290 3231 496 3312 foecundam
511 3234 615 3313 iustae
630 3243 835 3339 cognitionis
849 3234 1076 3317 inuerfionem
1089 3236 1246 3315 methodi

99 3333 103 3375 ¹
225 3350 400 3458 ingenioso
420 3356 493 3431 eiur
513 3353 651 3430 cunssiio
673 3378 849 3461 acceptam
870 3350 994 3445 referc,
1033 3360 1092 3458 qui
1114 3362 1245 3459 primur

226 3498 284 3558 ca.
315 3498 403 3575 quae
418 3496 438 3547 a
452 3495 573 3549 natura
593 3471 750 3549 discenda
769 3470 863 3561 sunt,
895 3497 1115 3577 quorumque
1137 3500 1199 3575 pcc
1212 3468 1244 3549 se

226 3596 316 3667 racio
337 3614 454 3692 capere
471 3584 581 3682 furer,
607 3585 792 3665 secundum
806 3616 862 3665 era
875 3589 967 3690 leger
980 3616 1144 3693 quaerere
1158 3590 1243 3667 insti·

157 3781 161 3789 .
225 3714 309 3796 cuit,
334 3707 458 3807 quibua
480 3702 741 3783 consentaneam
758 3702 820 3787 effe
837 3706 961 3783 debere
974 3734 1130 3785 naturam
1146 3712 1244 3811 apri·

225 3832 279 3901 ori
306 3818 530 3925 cognoscitur.
581 3828 663 3900 Huc
691 3828 844 3924 primurn
872 3825 982 3900 medo
1011 3822 1149 3927 physrcc
1168 3820 1242 3927 pust

63 3956 68 3969 ‘
140 3962 147 3983 ¹
224 3942 417 4020 multorum
444 3936 655 4018 saeculorum
688 3967 819 4019 eruerer
848 3966 994 4039 certam,
1017 4024 1019 4028 ,
1040 3968 1109 4046 qua
1130 3940 1241 4019 secure

200 4084 207 4101 ¹
224 4060 412 4166 procedere
423 4056 543 4165 poffic,
567 4055 723 4141 scientiae
740 4062 910 4163 legitimae
923 4066 1012 4141 uiam
1026 4058 1125 4139 naida
1137 4059 1195 4138 cst

231 4227 234 4234 ¹
1135 4196 1242 4269 Mera·
