2550 4550
185 523 1210 739 rnunnntmrmtrltzlillut

71 768 77 779 ·
188 754 442 824 nomenorum3
489 753 658 833 quatenus
687 730 772 808 lraec
797 730 983 809 secundum
1003 740 1211 841 principium

187 841 365 910 internum
386 829 595 910 caulsalieatit
610 840 699 911 inter
713 830 746 910 se
761 830 958 911 cohaerent
1009 832 1130 913 Sensru
1146 844 1212 937 pri·

99 944 102 947 ’
189 934 447 1025 oradhibctur,
470 936 610 1035 quando
624 936 669 1011 de
683 956 802 1008 nature
817 938 922 1035 ignia,
946 932 1061 1029 lluidi,
1087 960 1150 1015 ete.
1166 930 1212 1022 [o-

151 1072 172 1095 ·-
190 1046 349 1141 quimur3
375 1032 468 1113 sensu
484 1034 660 1139 posteriori
673 1040 817 1111 derebus
831 1050 982 1127 notatae,
1007 1062 1045 1113 rt
1057 1046 1163 1117 totlut
1176 1045 1213 1117 in

190 1134 362 1218 existentia
374 1136 578 1215 omnimode
591 1139 823 1231 determinati,
849 1138 1033 1245 loquimur.
1086 1208 1091 1229 ,

196 1454 362 1559 nuptm
382 1455 427 1528 ad
435 1448 602 1563 sessionem
622 1318 769 1547 isitius,
794 1458 904 1556 inqua
916 1386 1102 1530 ontisletite
1113 1454 1212 1529 talio

267 1560 573 1667 oitpuroefllitur.
1020 1561 1025 1605 ῑ
1054 1666 1059 1679 ⁴
1188 1574 1207 1613 ·'

293 1697 399 1801 Quod
425 1704 528 1796 igitur
547 1700 699 1797 primum
722 1718 795 1775 erac
817 1688 934 1791 (cons.
956 1680 1091 1783 Sestos,
1108 1690 1140 1797 §
1156 1698 1214 1794 4.)

190 1804 353 1877 examinis
373 1798 477 1874 nostri
499 1803 586 1873 circa
605 1803 831 1871 antinomitm
847 1794 1109 1897 cosmologicam
1130 1794 1217 1871 lolli·

189 1899 327 1990 tuendi,
356 1904 424 1975 iam
438 1923 531 1972 nunc
546 1892 738 1972 absolutum
753 1896 811 1975 est.
862 1904 911 1971 Ex
926 1902 1105 1972 comumui
1120 1902 1215 1971 enim

103 2102 111 2111 .
190 2004 360 2179 pptocipio
389 1998 557 2116 deriuatae
574 1996 675 2072 ‚ideas
696 1994 941 2099 cosmulogicae
961 1992 1144 2101 conspeslu
1166 1994 1216 2099 sy·

239 2126 365 2177 manco
384 2096 612 2197 ex'lubutmua.
757 2168 807 2195 Ι,

209 2319 214 2328 ,
291 2228 557 2310 Transeundum
584 2234 686 2336 igitur
705 2234 774 2306 iam
796 2253 889 2304 nunc
911 2228 953 2306 ad
974 2226 1215 2331 exponendam

189 2340 332 2412 rationi·
352 2359 458 2437 purae
479 2338 569 2406 circa
592 2329 676 2442 ipsae
690 2330 902 2406 discordiam.
952 2339 1057 2408 Cuius
1071 2332 1214 2432 quidem

187 2442 394 2541 opinionum
410 2440 498 2507 inter
513 2429 544 2506 se
558 2433 800 2532 discrepantiae
813 2456 848 2506 vt
863 2435 960 2531 origo
975 2433 1132 2534 praesens
1145 2440 1215 2509 eni·

188 2565 251 2618 mo
265 2535 400 2614 lelium
421 2529 637 2621 obuersctut,
663 2535 829 2619 breuiter,
855 2558 942 2632 quac
956 2529 1109 2607 sessionis
1125 2541 1216 2635 prio·

189 2645 236 2715 rie
257 2639 291 2740 ᾗ.
310 2661 343 2729 3.
359 2636 425 2711 hac
438 2636 482 2709 de
497 2662 534 2710 re
548 2633 636 2708 disla
655 2630 749 2724 suut,
776 2629 946 2710 resumere
961 2659 1062 2735 atquc
1076 2633 1215 2712 illustra·

188 2766 228 2822 re
254 2741 346 2814 libet.
411 2740 509 2810 Ratio
539 2759 601 2836 per
629 2735 720 2809 iden
748 2730 997 2834 cusmologicat'
1018 2731 1213 2812 absolutum

188 2844 340 2943 quaerit,
387 2841 422 2911 in
450 2860 521 2936 quo
542 2833 705 2936 synthesis
726 2833 956 2936 hypothetica.
970 2837 1211 2912 conditionum

187 2941 422 3045 pltaenomeni
450 2940 583 3038 expleta
609 2961 776 3012 cernatur.
821 2942 906 3013 Hoc
936 2962 1052 3014 autem
1081 2936 1212 3014 absolu·

189 3067 266 3120 tum
288 3038 488 3117 confiderari
510 3036 620 3138 potesl
642 3038 829 3141 dupliciter.
880 3041 1033 3114 Primum
1048 3047 1141 3115 enim
1154 3067 1212 3115 co·

55 3192 70 3230 ,
187 3151 296 3324 pltare
314 3143 406 3233 licet,
438 3141 519 3215 illud
541 3146 708 3218 contineri
731 3147 767 3216 in
786 3139 1025 3225 conditionum
1040 3139 1122 3217 serie
1137 3168 1213 3245 per·

71 3261 75 3268 '
204 3245 294 3340 essa,
334 3251 429 3320 cuiue
458 3249 576 3316 nurnia
597 3243 753 3322 mentbra
775 3243 1030 3337 conditionata,=
1061 3249 1211 3322 torulitua

186 3341 1211 3552 tl‘il'lllill2²llll‘lllzlq‘lllllt‘ffillll

100 3582 104 3587 ·
185 3547 297 3654 ipsum
318 3575 450 3652 patrem
472 3543 552 3625 satit
573 3545 685 3642 serici,
721 3556 741 3624 i.
764 3577 795 3626 e.
818 3549 991 3625 summum
1013 3576 1119 3656 atque
1133 3554 1210 3628 vlti-

91 3699 94 3705 -
185 3677 287 3728 mum
317 3653 540 3739 membrum,
582 3657 636 3727 cui
667 3675 778 3729 cetera
804 3649 971 3730 membra
991 3648 1210 3734 subordinata

184 3751 288 3845 sunt,
333 3753 429 3856 quod
459 3749 569 3854 ipsunt
604 3779 685 3829 vero
719 3781 740 3830 a
767 3755 860 3833 nulla
877 3803 878 3808 =
896 3754 1102 3834 conditione
1123 3783 1209 3860 pen·

185 3857 289 3950 dent,
320 3852 471 3945 absolute
491 3879 553 3955 per
567 3850 600 3927 l'e
613 3856 683 3931 llat.
735 3860 869 3962 Qiibua
888 3865 984 3962 prior
997 3859 1123 3960 placuit
1137 3856 1209 3936 scn-

185 3963 309 4048 tentia,
340 3955 377 4029 lti
395 3961 497 4054 igitur
521 3954 639 4029 seriem
663 3963 832 4060 occipiunt
847 3986 865 4036 a
879 3986 974 4064 parto
988 3967 1092 4064 priori
1109 3963 1211 4036 nullia

183 4053 311 4142 sinibus
331 4052 510 4147 inclusam,
545 4053 638 4153 (fine
661 4061 828 4160 exordio)
860 4087 978 4163 etper
997 4059 1211 4240 consequepia

1135 4191 1209 4242 m·
