<?xml version="1.0" encoding="UTF-8"?>
<!DOCTYPE html PUBLIC "-//W3C//DTD XHTML 1.0 Transitional//EN"
    "http://www.w3.org/TR/xhtml1/DTD/xhtml1-transitional.dtd">
<html xmlns="http://www.w3.org/1999/xhtml" xml:lang="en" lang="en">
 <head>
  <title>
</title>
<meta http-equiv="Content-Type" content="text/html;charset=utf-8" />
  <meta name='ocr-system' content='tesseract 3.04.00' />
  <meta name='ocr-capabilities' content='ocr_page ocr_carea ocr_par ocr_line ocrx_word'/>
</head>
<body>
  <div class='ocr_page' id='page_1' title='image "./philosophiaecri00schmgoog_0525.png"; bbox 0 0 2550 4550; ppageno 0'>
   <div class='ocr_carea' id='block_1_1' title="bbox 431 281 1163 416">
    <p class='ocr_par' dir='ltr' id='par_1_1' title="bbox 431 281 1163 416">
     <span class='ocr_line' id='line_1_1' title="bbox 431 281 1163 416; baseline 0.01 -6"><span class='ocrx_word' id='word_1_1' title='bbox 431 281 659 380; x_wconf 61' lang='grc' dir='ltr'>ΕΞ</span> <span class='ocrx_word' id='word_1_2' title='bbox 981 340 1055 416; x_wconf 75' lang='lat' dir='ltr'>ert</span> <span class='ocrx_word' id='word_1_3' title='bbox 1152 323 1163 338; x_wconf 81' lang='grc'>’“</span> 
     </span>
    </p>
   </div>
   <div class='ocr_carea' id='block_1_2' title="bbox 47 491 1180 1303">
    <p class='ocr_par' dir='ltr' id='par_1_2' title="bbox 47 491 1180 1303">
     <span class='ocr_line' id='line_1_2' title="bbox 55 491 1060 606; baseline 0.01 -36"><span class='ocrx_word' id='word_1_4' title='bbox 55 497 156 598; x_wconf 72' lang='lat' dir='ltr'>aliquit</span> <span class='ocrx_word' id='word_1_5' title='bbox 183 491 371 589; x_wconf 54' lang='lat' dir='ltr'>existimem</span> <span class='ocrx_word' id='word_1_6' title='bbox 387 533 440 558; x_wconf 91' lang='lat'>···</span> <span class='ocrx_word' id='word_1_7' title='bbox 489 525 700 604; x_wconf 85' lang='lat' dir='ltr'>quamquam</span> <span class='ocrx_word' id='word_1_8' title='bbox 728 497 912 578; x_wconf 86' lang='lat' dir='ltr'>modelliae</span> <span class='ocrx_word' id='word_1_9' title='bbox 942 507 1060 606; x_wconf 79' lang='lat' dir='ltr'>potina</span> 
     </span>
     <span class='ocr_line' id='line_1_3' title="bbox 54 595 1060 718; baseline 0.01 -49"><span class='ocrx_word' id='word_1_10' title='bbox 54 623 142 717; x_wconf 79' lang='lat' dir='ltr'>quam</span> <span class='ocrx_word' id='word_1_11' title='bbox 157 602 367 696; x_wconf 71' lang='lat' dir='ltr'>arrogantiae</span> <span class='ocrx_word' id='word_1_12' title='bbox 382 595 453 718; x_wconf 70' lang='lat' dir='ltr'>dari</span> <span class='ocrx_word' id='word_1_13' title='bbox 468 598 589 678; x_wconf 88' lang='lat' dir='ltr'>debeat</span> <span class='ocrx_word' id='word_1_14' title='bbox 601 601 868 692; x_wconf 87' lang='lat' dir='ltr'>allertionollra,</span> <span class='ocrx_word' id='word_1_15' title='bbox 883 628 972 705; x_wconf 88' lang='lat' dir='ltr'>quae</span> <span class='ocrx_word' id='word_1_16' title='bbox 979 629 1060 704; x_wconf 81' lang='lat' dir='ltr'>cog·</span> 
     </span>
     <span class='ocr_line' id='line_1_4' title="bbox 53 695 1091 814; baseline 0.007 -40"><span class='ocrx_word' id='word_1_17' title='bbox 53 721 203 814; x_wconf 71' lang='lat' dir='ltr'>nunonem</span> <span class='ocrx_word' id='word_1_18' title='bbox 224 696 266 771; x_wconf 90' lang='lat' dir='ltr'>ad</span> <span class='ocrx_word' id='word_1_19' title='bbox 281 695 465 773; x_wconf 86' lang='lat' dir='ltr'>domelltca</span> <span class='ocrx_word' id='word_1_20' title='bbox 482 699 574 800; x_wconf 85' lang='lat' dir='ltr'>quali</span> <span class='ocrx_word' id='word_1_21' title='bbox 587 724 623 778; x_wconf 90' lang='lat' dir='ltr'>et</span> <span class='ocrx_word' id='word_1_22' title='bbox 634 709 854 778; x_wconf 86' lang='lat' dir='ltr'>immanentia</span> <span class='ocrx_word' id='word_1_23' title='bbox 867 703 1091 804; x_wconf 73' lang='lat' dir='ltr'>problema-·-</span> 
     </span>
     <span class='ocr_line' id='line_1_5' title="bbox 51 794 1180 974; baseline 0.009 -100"><span class='ocrx_word' id='word_1_24' title='bbox 51 794 516 969; x_wconf 62' lang='lat' dir='ltr'>tareductt-squaellionet</span> <span class='ocrx_word' id='word_1_25' title='bbox 530 802 1060 974; x_wconf 69' lang='lat' dir='ltr'>aliqnaapraecpuatcittatlteo·</span> <span class='ocrx_word' id='word_1_26' title='bbox 1174 873 1180 884; x_wconf 93' lang='lat'>.</span> 
     </span>
     <span class='ocr_line' id='line_1_6' title="bbox 48 895 1124 1115; baseline 0.009 -47"><span class='ocrx_word' id='word_1_27' title='bbox 48 895 1060 1115; x_wconf 61' lang='lat' dir='ltr'>llssllllssfi&#39;lllil‘lrlll&#39;lilllllllll</span> <span class='ocrx_word' id='word_1_28' title='bbox 1104 935 1124 1009; x_wconf 76' lang='lat'><em>³</em></span> 
     </span>
     <span class='ocr_line' id='line_1_7' title="bbox 47 1095 1058 1276; baseline 0.009 -106"><span class='ocrx_word' id='word_1_29' title='bbox 47 1097 149 1272; x_wconf 68' lang='lat' dir='ltr'>drpdtr</span> <span class='ocrx_word' id='word_1_30' title='bbox 164 1095 405 1276; x_wconf 57' lang='lat' dir='ltr'>ppaestionum</span> <span class='ocrx_word' id='word_1_31' title='bbox 426 1096 744 1205; x_wconf 77' lang='lat' dir='ltr'>plycltolugitaruua</span> <span class='ocrx_word' id='word_1_32' title='bbox 758 1099 879 1179; x_wconf 84' lang='lat' dir='ltr'>solutio</span> <span class='ocrx_word' id='word_1_33' title='bbox 895 1103 1058 1190; x_wconf 74' lang='lat' dir='ltr'>alellure</span> 
     </span>
     <span class='ocr_line' id='line_1_8' title="bbox 47 1224 366 1303; baseline 0.003 -31"><span class='ocrx_word' id='word_1_34' title='bbox 47 1225 109 1303; x_wconf 81' lang='lat' dir='ltr'>tpo</span> <span class='ocrx_word' id='word_1_35' title='bbox 120 1224 164 1301; x_wconf 90' lang='lat' dir='ltr'>pe</span> <span class='ocrx_word' id='word_1_36' title='bbox 207 1225 235 1273; x_wconf 89' lang='lat' dir='ltr'>ct</span> <span class='ocrx_word' id='word_1_37' title='bbox 254 1224 366 1302; x_wconf 78' lang='lat' dir='ltr'>poteri</span> 
     </span>
    </p>
   </div>
   <div class='ocr_carea' id='block_1_3' title="bbox 38 1398 1186 2319">
    <p class='ocr_par' dir='ltr' id='par_1_3' title="bbox 38 1398 1186 2319">
     <span class='ocr_line' id='line_1_9' title="bbox 135 1398 1060 1505; baseline 0.004 -31"><span class='ocrx_word' id='word_1_38' title='bbox 135 1401 168 1474; x_wconf 81' lang='lat' dir='ltr'>Si</span> <span class='ocrx_word' id='word_1_39' title='bbox 182 1404 315 1499; x_wconf 88' lang='lat' dir='ltr'>quaerit</span> <span class='ocrx_word' id='word_1_40' title='bbox 330 1403 449 1504; x_wconf 83' lang='lat' dir='ltr'>igitur,</span> <span class='ocrx_word' id='word_1_41' title='bbox 472 1425 517 1478; x_wconf 92' lang='lat' dir='ltr'>an</span> <span class='ocrx_word' id='word_1_42' title='bbox 531 1398 657 1505; x_wconf 86' lang='lat' dir='ltr'>aliquid</span> <span class='ocrx_word' id='word_1_43' title='bbox 671 1399 743 1478; x_wconf 91' lang='lat' dir='ltr'>dari</span> <span class='ocrx_word' id='word_1_44' title='bbox 759 1422 919 1504; x_wconf 89' lang='lat' dir='ltr'>oporteat</span> <span class='ocrx_word' id='word_1_45' title='bbox 934 1425 1060 1478; x_wconf 87' lang='lat' dir='ltr'>amun·</span> 
     </span>
     <span class='ocr_line' id='line_1_10' title="bbox 44 1496 1061 1606; baseline 0.004 -30"><span class='ocrx_word' id='word_1_46' title='bbox 44 1496 282 1591; x_wconf 78' lang='lat' dir='ltr'>dodiuerlirm‚</span> <span class='ocrx_word' id='word_1_47' title='bbox 306 1509 343 1578; x_wconf 91' lang='lat' dir='ltr'>in</span> <span class='ocrx_word' id='word_1_48' title='bbox 356 1531 426 1606; x_wconf 91' lang='lat' dir='ltr'>quo</span> <span class='ocrx_word' id='word_1_49' title='bbox 440 1497 706 1582; x_wconf 78' lang='lat' dir='ltr'>fundamentum</span> <span class='ocrx_word' id='word_1_50' title='bbox 715 1510 929 1581; x_wconf 88' lang='lat' dir='ltr'>contineatur</span> <span class='ocrx_word' id='word_1_51' title='bbox 942 1527 1061 1580; x_wconf 88' lang='lat' dir='ltr'>rerum</span> 
     </span>
     <span class='ocr_line' id='line_1_11' title="bbox 43 1603 1166 1708; baseline 0.004 -30"><span class='ocrx_word' id='word_1_52' title='bbox 43 1603 237 1680; x_wconf 78' lang='lat' dir='ltr'>naturalium</span> <span class='ocrx_word' id='word_1_53' title='bbox 262 1631 455 1708; x_wconf 77' lang='lat' dir='ltr'>neruoque,</span> <span class='ocrx_word' id='word_1_54' title='bbox 504 1611 634 1707; x_wconf 83' lang='lat' dir='ltr'>inquo</span> <span class='ocrx_word' id='word_1_55' title='bbox 657 1605 857 1695; x_wconf 75' lang='lat' dir='ltr'>constitutae</span> <span class='ocrx_word' id='word_1_56' title='bbox 884 1613 1062 1707; x_wconf 83' lang='lat' dir='ltr'>reperiun-</span> <span class='ocrx_word' id='word_1_57' title='bbox 1162 1673 1166 1682; x_wconf 82' lang='grc'>.</span> 
     </span>
     <span class='ocr_line' id='line_1_12' title="bbox 42 1701 1060 1809; baseline 0.004 -31"><span class='ocrx_word' id='word_1_58' title='bbox 42 1707 115 1778; x_wconf 79' lang='lat' dir='ltr'>turi</span> <span class='ocrx_word' id='word_1_59' title='bbox 137 1743 189 1762; x_wconf 92' lang='grc'>-</span> <span class='ocrx_word' id='word_1_60' title='bbox 237 1715 469 1798; x_wconf 79' lang='lat' dir='ltr'>Immunem,</span> <span class='ocrx_word' id='word_1_61' title='bbox 493 1701 750 1809; x_wconf 83' lang='lat' dir='ltr'>respondemur.</span> <span class='ocrx_word' id='word_1_62' title='bbox 801 1707 1060 1784; x_wconf 84' lang='lat' dir='ltr'>Mundutenirn</span> 
     </span>
     <span class='ocr_line' id='line_1_13' title="bbox 39 1802 1186 2013; baseline 0.007 -33"><span class='ocrx_word' id='word_1_63' title='bbox 39 1802 355 1999; x_wconf 54' lang='lat' dir='ltr'>lillrlilllll</span> <span class='ocrx_word' id='word_1_64' title='bbox 368 1807 1059 2013; x_wconf 58' lang='lat' dir='ltr'>lll‘dlll‘lqlllllit‘l⁰lll</span> <span class='ocrx_word' id='word_1_65' title='bbox 1183 1887 1186 1893; x_wconf 79' lang='grc'><strong><em>’</em></strong></span> 
     </span>
     <span class='ocr_line' id='line_1_14' title="bbox 39 2007 1158 2116; baseline 0.004 -33"><span class='ocrx_word' id='word_1_66' title='bbox 39 2035 106 2083; x_wconf 90' lang='lat' dir='ltr'>non</span> <span class='ocrx_word' id='word_1_67' title='bbox 117 2007 300 2088; x_wconf 78' lang='lat' dir='ltr'>‘exhibetur</span> <span class='ocrx_word' id='word_1_68' title='bbox 314 2018 349 2087; x_wconf 93' lang='lat' dir='ltr'>in</span> <span class='ocrx_word' id='word_1_69' title='bbox 362 2017 504 2102; x_wconf 90' lang='lat' dir='ltr'>intuitu,</span> <span class='ocrx_word' id='word_1_70' title='bbox 529 2007 586 2088; x_wconf 83' lang='lat' dir='ltr'>led</span> <span class='ocrx_word' id='word_1_71' title='bbox 600 2011 642 2087; x_wconf 85' lang='lat' dir='ltr'>ab</span> <span class='ocrx_word' id='word_1_72' title='bbox 665 2009 837 2090; x_wconf 77' lang='lat' dir='ltr'>intelleilu</span> <span class='ocrx_word' id='word_1_73' title='bbox 853 2036 891 2088; x_wconf 80' lang='lat' dir='ltr'>vt</span> <span class='ocrx_word' id='word_1_74' title='bbox 903 2009 1059 2116; x_wconf 83' lang='lat' dir='ltr'>phaeno·</span> <span class='ocrx_word' id='word_1_75' title='bbox 1156 2035 1158 2038; x_wconf 84' lang='lat'>·</span> 
     </span>
     <span class='ocr_line' id='line_1_15' title="bbox 38 2110 1062 2220; baseline 0.002 -32"><span class='ocrx_word' id='word_1_76' title='bbox 38 2138 219 2188; x_wconf 87' lang='lat' dir='ltr'>menorum</span> <span class='ocrx_word' id='word_1_77' title='bbox 233 2110 763 2220; x_wconf 83' lang='lat' dir='ltr'>imperceptibilelnbllratumco</span> <span class='ocrx_word' id='word_1_78' title='bbox 788 2121 921 2198; x_wconf 67' lang='lat' dir='ltr'>iratur.x</span> <span class='ocrx_word' id='word_1_79' title='bbox 949 2121 1062 2191; x_wconf 77' lang='lat' dir='ltr'>Porro</span> 
     </span>
     <span class='ocr_line' id='line_1_16' title="bbox 38 2143 789 2319; baseline 0.008 -30"><span class='ocrx_word' id='word_1_80' title='bbox 38 2213 285 2319; x_wconf 80' lang='lat' dir='ltr'>fiinterrogaa,</span> <span class='ocrx_word' id='word_1_81' title='bbox 332 2244 417 2294; x_wconf 89' lang='lat' dir='ltr'>num</span> <span class='ocrx_word' id='word_1_82' title='bbox 438 2213 742 2295; x_wconf 76' lang='lat' dir='ltr'>transscendentale</span> <span class='ocrx_word' id='word_1_83' title='bbox 764 2143 789 2295; x_wconf 57' lang='lat' dir='ltr'>l</span> 
     </span>
    </p>
   </div>
   <div class='ocr_carea' id='block_1_4' title="bbox 792 2212 1174 2295">
    <p class='ocr_par' dir='ltr' id='par_1_4' title="bbox 792 2212 1174 2295">
     <span class='ocr_line' id='line_1_17' title="bbox 792 2212 1174 2295; baseline 0 0"><span class='ocrx_word' id='word_1_84' title='bbox 792 2243 833 2295; x_wconf 93' lang='lat' dir='ltr'>oc</span> <span class='ocrx_word' id='word_1_85' title='bbox 855 2212 1060 2295; x_wconf 83' lang='lat' dir='ltr'>substratum</span> <span class='ocrx_word' id='word_1_86' title='bbox 1169 2241 1174 2252; x_wconf 94' lang='lat'><em>·</em></span> 
     </span>
    </p>
   </div>
   <div class='ocr_carea' id='block_1_5' title="bbox 37 2314 1215 2422">
    <p class='ocr_par' dir='ltr' id='par_1_5' title="bbox 37 2314 1215 2422">
     <span class='ocr_line' id='line_1_18' title="bbox 37 2314 1215 2422; baseline 0.008 -31"><span class='ocrx_word' id='word_1_87' title='bbox 37 2314 210 2393; x_wconf 84' lang='lat' dir='ltr'>lubllantia</span> <span class='ocrx_word' id='word_1_88' title='bbox 225 2319 282 2411; x_wconf 79' lang='lat' dir='ltr'>fit,</span> <span class='ocrx_word' id='word_1_89' title='bbox 307 2346 416 2422; x_wconf 89' lang='lat' dir='ltr'>eaque</span> <span class='ocrx_word' id='word_1_90' title='bbox 426 2318 601 2395; x_wconf 80' lang='lat' dir='ltr'>realillrma</span> <span class='ocrx_word' id='word_1_91' title='bbox 614 2342 651 2397; x_wconf 85' lang='lat' dir='ltr'>et</span> <span class='ocrx_word' id='word_1_92' title='bbox 663 2318 863 2396; x_wconf 72' lang='lat' dir='ltr'>necessaria?</span> <span class='ocrx_word' id='word_1_93' title='bbox 883 2346 946 2397; x_wconf 88' lang='lat' dir='ltr'>etc.</span> <span class='ocrx_word' id='word_1_94' title='bbox 971 2324 1059 2400; x_wconf 58' lang='lat' dir='ltr'>eluti</span> <span class='ocrx_word' id='word_1_95' title='bbox 1213 2396 1215 2401; x_wconf 79' lang='grc'>,</span> 
     </span>
    </p>
   </div>
   <div class='ocr_carea' id='block_1_6' title="bbox 12 2418 1149 3639">
    <p class='ocr_par' dir='ltr' id='par_1_6' title="bbox 34 2418 1117 2729">
     <span class='ocr_line' id='line_1_19' title="bbox 36 2418 1117 2524; baseline -0.002 -29"><span class='ocrx_word' id='word_1_96' title='bbox 36 2418 130 2495; x_wconf 87' lang='lat' dir='ltr'>modi</span> <span class='ocrx_word' id='word_1_97' title='bbox 160 2420 370 2522; x_wconf 83' lang='lat' dir='ltr'>quaestionea</span> <span class='ocrx_word' id='word_1_98' title='bbox 398 2418 492 2499; x_wconf 86' lang='lat' dir='ltr'>sensu</span> <span class='ocrx_word' id='word_1_99' title='bbox 520 2448 635 2499; x_wconf 88' lang='lat' dir='ltr'>carere</span> <span class='ocrx_word' id='word_1_100' title='bbox 656 2420 911 2524; x_wconf 81' lang='lat' dir='ltr'>respondemur.</span> <span class='ocrx_word' id='word_1_101' title='bbox 962 2428 1060 2497; x_wconf 86' lang='lat' dir='ltr'>Nam</span> <span class='ocrx_word' id='word_1_102' title='bbox 1115 2486 1117 2493; x_wconf 91' lang='lat'><em>.</em></span> 
     </span>
     <span class='ocr_line' id='line_1_20' title="bbox 34 2520 1059 2627; baseline 0.002 -32"><span class='ocrx_word' id='word_1_103' title='bbox 34 2521 390 2625; x_wconf 79' lang='lat' dir='ltr'>praedicamentorum</span> <span class='ocrx_word' id='word_1_104' title='bbox 412 2524 524 2600; x_wconf 88' lang='lat' dir='ltr'>nullut</span> <span class='ocrx_word' id='word_1_105' title='bbox 541 2523 589 2599; x_wconf 85' lang='lat' dir='ltr'>ell</span> <span class='ocrx_word' id='word_1_106' title='bbox 602 2520 679 2599; x_wconf 85' lang='lat' dir='ltr'>tlut</span> <span class='ocrx_word' id='word_1_107' title='bbox 694 2547 828 2627; x_wconf 87' lang='lat' dir='ltr'>praeter</span> <span class='ocrx_word' id='word_1_108' title='bbox 842 2527 1059 2626; x_wconf 87' lang='lat' dir='ltr'>empiricum,</span> 
     </span>
     <span class='ocr_line' id='line_1_21' title="bbox 34 2623 1114 2729; baseline 0.006 -28"><span class='ocrx_word' id='word_1_109' title='bbox 34 2624 75 2701; x_wconf 88' lang='lat' dir='ltr'>ad</span> <span class='ocrx_word' id='word_1_110' title='bbox 89 2623 223 2701; x_wconf 80' lang='lat' dir='ltr'>obiclla</span> <span class='ocrx_word' id='word_1_111' title='bbox 237 2624 400 2704; x_wconf 82' lang='lat' dir='ltr'>incuibilia</span> <span class='ocrx_word' id='word_1_112' title='bbox 413 2625 689 2719; x_wconf 86' lang='lat' dir='ltr'>determinanda,</span> <span class='ocrx_word' id='word_1_113' title='bbox 714 2652 864 2729; x_wconf 87' lang='lat' dir='ltr'>quorum</span> <span class='ocrx_word' id='word_1_114' title='bbox 878 2632 1060 2726; x_wconf 79' lang='lat' dir='ltr'>regionem</span> <span class='ocrx_word' id='word_1_115' title='bbox 1109 2671 1114 2679; x_wconf 95' lang='lat'>·</span> 
     </span>
    </p>

    <p class='ocr_par' dir='ltr' id='par_1_7' title="bbox 12 2722 1149 3639">
     <span class='ocr_line' id='line_1_22' title="bbox 12 2722 1148 2830; baseline -0.002 -28"><span class='ocrx_word' id='word_1_116' title='bbox 12 2741 14 2824; x_wconf 68' lang='lat' dir='ltr'>l</span> <span class='ocrx_word' id='word_1_117' title='bbox 34 2726 172 2802; x_wconf 76' lang='lat' dir='ltr'>simulac</span> <span class='ocrx_word' id='word_1_118' title='bbox 192 2726 360 2804; x_wconf 79' lang='lat' dir='ltr'>ercell&#39;trit</span> <span class='ocrx_word' id='word_1_119' title='bbox 379 2735 496 2805; x_wconf 88' lang='lat' dir='ltr'>inanet</span> <span class='ocrx_word' id='word_1_120' title='bbox 517 2752 698 2805; x_wconf 87' lang='lat' dir='ltr'>remanent</span> <span class='ocrx_word' id='word_1_121' title='bbox 719 2736 967 2830; x_wconf 75' lang='lat' dir='ltr'>cogitationum</span> <span class='ocrx_word' id='word_1_122' title='bbox 988 2722 1060 2801; x_wconf 81' lang='lat' dir='ltr'>for·</span> <span class='ocrx_word' id='word_1_123' title='bbox 1142 2722 1148 2739; x_wconf 78' lang='grc'><em>’</em></span> 
     </span>
     <span class='ocr_line' id='line_1_23' title="bbox 13 2827 1062 2933; baseline -0.001 -31"><span class='ocrx_word' id='word_1_124' title='bbox 13 2841 14 2872; x_wconf 73' lang='lat'>³</span> <span class='ocrx_word' id='word_1_125' title='bbox 34 2855 131 2918; x_wconf 85' lang='lat' dir='ltr'>mac,</span> <span class='ocrx_word' id='word_1_126' title='bbox 165 2832 200 2901; x_wconf 89' lang='lat' dir='ltr'>in</span> <span class='ocrx_word' id='word_1_127' title='bbox 220 2830 344 2928; x_wconf 84' lang='lat' dir='ltr'>quibua</span> <span class='ocrx_word' id='word_1_128' title='bbox 362 2830 448 2903; x_wconf 89' lang='lat' dir='ltr'>nihil</span> <span class='ocrx_word' id='word_1_129' title='bbox 469 2827 776 2933; x_wconf 71' lang='lat' dir='ltr'>comprehenditur</span> <span class='ocrx_word' id='word_1_130' title='bbox 797 2852 933 2931; x_wconf 86' lang='lat' dir='ltr'>praeter</span> <span class='ocrx_word' id='word_1_131' title='bbox 953 2832 1062 2903; x_wconf 84' lang='lat' dir='ltr'>mita·</span> 
     </span>
     <span class='ocr_line' id='line_1_24' title="bbox 35 2915 1149 3031; baseline 0.002 -28"><span class='ocrx_word' id='word_1_132' title='bbox 35 2954 104 3004; x_wconf 90' lang='lat' dir='ltr'>tem</span> <span class='ocrx_word' id='word_1_133' title='bbox 125 2926 351 3022; x_wconf 71' lang='lat' dir='ltr'>ontearum,</span> <span class='ocrx_word' id='word_1_134' title='bbox 380 2956 488 3031; x_wconf 86' lang='lat' dir='ltr'>·quat</span> <span class='ocrx_word' id='word_1_135' title='bbox 516 2931 656 3005; x_wconf 79' lang='lat' dir='ltr'>ulterior</span> <span class='ocrx_word' id='word_1_136' title='bbox 684 2915 901 3005; x_wconf 87' lang='lat' dir='ltr'>decenninari</span> <span class='ocrx_word' id='word_1_137' title='bbox 929 2932 1059 3027; x_wconf 89' lang='lat' dir='ltr'>nequit.</span> <span class='ocrx_word' id='word_1_138' title='bbox 1145 2998 1149 3005; x_wconf 89' lang='lat'>.</span> 
     </span>
     <span class='ocr_line' id='line_1_25' title="bbox 32 3026 1062 3131; baseline -0.006 -24"><span class='ocrx_word' id='word_1_139' title='bbox 32 3032 98 3107; x_wconf 81' lang='lat' dir='ltr'>Vbi</span> <span class='ocrx_word' id='word_1_140' title='bbox 114 3032 219 3129; x_wconf 81' lang='lat' dir='ltr'>igitur</span> <span class='ocrx_word' id='word_1_141' title='bbox 231 3026 324 3107; x_wconf 84' lang='lat' dir='ltr'>deell</span> <span class='ocrx_word' id='word_1_142' title='bbox 337 3036 478 3106; x_wconf 87' lang='lat' dir='ltr'>materia</span> <span class='ocrx_word' id='word_1_143' title='bbox 490 3034 705 3131; x_wconf 75' lang='lat' dir='ltr'>cogitationis</span> <span class='ocrx_word' id='word_1_144' title='bbox 721 3026 910 3122; x_wconf 67' lang='lat' dir='ltr'>(obieilum</span> <span class='ocrx_word' id='word_1_145' title='bbox 925 3026 1062 3103; x_wconf 78' lang='lat' dir='ltr'>incuibi·</span> 
     </span>
     <span class='ocr_line' id='line_1_26' title="bbox 31 3126 1140 3233; baseline -0.004 -28"><span class='ocrx_word' id='word_1_146' title='bbox 31 3133 89 3229; x_wconf 85' lang='lat' dir='ltr'>lc),</span> <span class='ocrx_word' id='word_1_147' title='bbox 105 3131 154 3206; x_wconf 84' lang='lat' dir='ltr'>ibi</span> <span class='ocrx_word' id='word_1_148' title='bbox 169 3130 260 3206; x_wconf 88' lang='lat' dir='ltr'>nulla</span> <span class='ocrx_word' id='word_1_149' title='bbox 275 3126 468 3208; x_wconf 77' lang='lat' dir='ltr'>formarum</span> <span class='ocrx_word' id='word_1_150' title='bbox 476 3128 648 3233; x_wconf 84' lang='lat' dir='ltr'>cogitandi</span> <span class='ocrx_word' id='word_1_151' title='bbox 662 3130 843 3233; x_wconf 83' lang='lat' dir='ltr'>applicatio</span> <span class='ocrx_word' id='word_1_152' title='bbox 850 3126 923 3207; x_wconf 86' lang='lat' dir='ltr'>fieri</span> <span class='ocrx_word' id='word_1_153' title='bbox 931 3126 1062 3233; x_wconf 64' lang='lat' dir='ltr'>potesta</span> <span class='ocrx_word' id='word_1_154' title='bbox 1136 3205 1140 3213; x_wconf 69' lang='grc'><em>,</em></span> 
     </span>
     <span class='ocr_line' id='line_1_27' title="bbox 31 3227 1061 3337; baseline -0.006 -28"><span class='ocrx_word' id='word_1_155' title='bbox 31 3253 141 3337; x_wconf 86' lang='lat' dir='ltr'>quare</span> <span class='ocrx_word' id='word_1_156' title='bbox 161 3232 518 3335; x_wconf 85' lang='lat' dir='ltr'>praedicamentorum</span> <span class='ocrx_word' id='word_1_157' title='bbox 541 3230 653 3306; x_wconf 82' lang='lat' dir='ltr'>nullut</span> <span class='ocrx_word' id='word_1_158' title='bbox 668 3230 711 3306; x_wconf 89' lang='lat' dir='ltr'>ad</span> <span class='ocrx_word' id='word_1_159' title='bbox 726 3228 927 3307; x_wconf 83' lang='lat' dir='ltr'>substratum</span> <span class='ocrx_word' id='word_1_160' title='bbox 941 3227 1061 3305; x_wconf 89' lang='lat' dir='ltr'>intelli·</span> 
     </span>
     <span class='ocr_line' id='line_1_28' title="bbox 29 3328 1139 3437; baseline -0.004 -29"><span class='ocrx_word' id='word_1_161' title='bbox 29 3334 135 3437; x_wconf 88' lang='lat' dir='ltr'>gibile</span> <span class='ocrx_word' id='word_1_162' title='bbox 149 3334 449 3411; x_wconf 85' lang='lat' dir='ltr'>determinandum</span> <span class='ocrx_word' id='word_1_163' title='bbox 463 3328 539 3409; x_wconf 89' lang='lat' dir='ltr'>rlut</span> <span class='ocrx_word' id='word_1_164' title='bbox 553 3330 609 3409; x_wconf 67' lang='lat' dir='ltr'>cll</span> <span class='ocrx_word' id='word_1_165' title='bbox 634 3368 687 3391; x_wconf 88' lang='lat'>···</span> <span class='ocrx_word' id='word_1_166' title='bbox 736 3329 1062 3409; x_wconf 81' lang='lat' dir='ltr'>Atletundurnaita·</span> <span class='ocrx_word' id='word_1_167' title='bbox 1134 3424 1139 3432; x_wconf 30' lang='grc' dir='ltr'>Ι</span> 
     </span>
     <span class='ocr_line' id='line_1_29' title="bbox 27 3428 1124 3538; baseline -0.003 -28"><span class='ocrx_word' id='word_1_168' title='bbox 27 3440 161 3538; x_wconf 84' lang='lat' dir='ltr'>logiam</span> <span class='ocrx_word' id='word_1_169' title='bbox 191 3457 309 3511; x_wconf 88' lang='lat' dir='ltr'>tamen</span> <span class='ocrx_word' id='word_1_170' title='bbox 338 3460 418 3513; x_wconf 86' lang='lat' dir='ltr'>cunt</span> <span class='ocrx_word' id='word_1_171' title='bbox 444 3432 585 3511; x_wconf 72' lang='lat' dir='ltr'>obiellit</span> <span class='ocrx_word' id='word_1_172' title='bbox 605 3434 830 3534; x_wconf 80' lang='lat' dir='ltr'>experientiae</span> <span class='ocrx_word' id='word_1_173' title='bbox 853 3458 914 3507; x_wconf 86' lang='lat' dir='ltr'>ena</span> <span class='ocrx_word' id='word_1_174' title='bbox 936 3428 1062 3507; x_wconf 82' lang='lat' dir='ltr'>illude</span> <span class='ocrx_word' id='word_1_175' title='bbox 1121 3458 1124 3465; x_wconf 76' lang='grc'><strong>’</strong></span> 
     </span>
     <span class='ocr_line' id='line_1_30' title="bbox 28 3526 1063 3639; baseline -0.006 -26"><span class='ocrx_word' id='word_1_176' title='bbox 28 3535 170 3615; x_wconf 86' lang='lat' dir='ltr'>mundo</span> <span class='ocrx_word' id='word_1_177' title='bbox 186 3530 356 3613; x_wconf 83' lang='lat' dir='ltr'>diuersum</span> <span class='ocrx_word' id='word_1_178' title='bbox 372 3541 513 3639; x_wconf 85' lang='lat' dir='ltr'>cogitari</span> <span class='ocrx_word' id='word_1_179' title='bbox 520 3538 671 3638; x_wconf 81' lang='lat' dir='ltr'>poterit?</span> <span class='ocrx_word' id='word_1_180' title='bbox 695 3572 747 3593; x_wconf 90' lang='lat'><em>-</em></span> <span class='ocrx_word' id='word_1_181' title='bbox 797 3526 1063 3636; x_wconf 79' lang='lat' dir='ltr'>Vtiquepoeell3</span> 
     </span>
    </p>
   </div>
   <div class='ocr_carea' id='block_1_7' title="bbox 26 3622 1245 3744">
    <p class='ocr_par' dir='ltr' id='par_1_8' title="bbox 26 3622 1245 3744">
     <span class='ocr_line' id='line_1_31' title="bbox 26 3622 1245 3744; baseline -0.007 -27"><span class='ocrx_word' id='word_1_182' title='bbox 26 3637 144 3717; x_wconf 88' lang='lat' dir='ltr'>modo</span> <span class='ocrx_word' id='word_1_183' title='bbox 166 3664 212 3715; x_wconf 91' lang='lat' dir='ltr'>ne</span> <span class='ocrx_word' id='word_1_184' title='bbox 232 3634 487 3731; x_wconf 82' lang='lat' dir='ltr'>obliuiscamur,</span> <span class='ocrx_word' id='word_1_185' title='bbox 512 3664 576 3741; x_wconf 91' lang='lat' dir='ltr'>per</span> <span class='ocrx_word' id='word_1_186' title='bbox 594 3636 697 3713; x_wconf 76' lang='lat' dir='ltr'>talem</span> <span class='ocrx_word' id='word_1_187' title='bbox 715 3640 790 3725; x_wconf 88' lang='lat' dir='ltr'>eiua</span> <span class='ocrx_word' id='word_1_188' title='bbox 808 3634 1074 3721; x_wconf 75' lang='lat' dir='ltr'>detenninario,</span> <span class='ocrx_word' id='word_1_189' title='bbox 1124 3736 1127 3744; x_wconf 14' lang='grc' dir='ltr'><strong>Δ</strong></span> <span class='ocrx_word' id='word_1_190' title='bbox 1241 3622 1245 3632; x_wconf 62' lang='grc'><em>“</em></span> 
     </span>
    </p>
   </div>
   <div class='ocr_carea' id='block_1_8' title="bbox 25 3732 1065 4148">
    <p class='ocr_par' dir='ltr' id='par_1_9' title="bbox 25 3732 1065 4148">
     <span class='ocr_line' id='line_1_32' title="bbox 28 3732 1063 3843; baseline -0.006 -24"><span class='ocrx_word' id='word_1_191' title='bbox 28 3768 119 3821; x_wconf 83' lang='lat' dir='ltr'>nem</span> <span class='ocrx_word' id='word_1_192' title='bbox 142 3738 279 3819; x_wconf 80' lang='lat' dir='ltr'>schema</span> <span class='ocrx_word' id='word_1_193' title='bbox 302 3763 437 3819; x_wconf 89' lang='lat' dir='ltr'>tantum</span> <span class='ocrx_word' id='word_1_194' title='bbox 456 3738 613 3817; x_wconf 85' lang='lat' dir='ltr'>conllitui</span> <span class='ocrx_word' id='word_1_195' title='bbox 627 3743 784 3843; x_wconf 86' lang='lat' dir='ltr'>principii</span> <span class='ocrx_word' id='word_1_196' title='bbox 797 3738 992 3841; x_wconf 84' lang='lat' dir='ltr'>regulatiui,</span> <span class='ocrx_word' id='word_1_197' title='bbox 1017 3732 1063 3813; x_wconf 78' lang='lat' dir='ltr'>ael</span> 
     </span>
     <span class='ocr_line' id='line_1_33' title="bbox 25 3837 1065 3949; baseline -0.007 -27"><span class='ocrx_word' id='word_1_198' title='bbox 25 3851 203 3922; x_wconf 80' lang='lat' dir='ltr'>enitattut</span> <span class='ocrx_word' id='word_1_199' title='bbox 218 3837 460 3949; x_wconf 76' lang='lat' dir='ltr'>lpsttman&#39;eam</span> <span class='ocrx_word' id='word_1_200' title='bbox 467 3844 718 3944; x_wconf 83' lang='lat' dir='ltr'>cognitionum,</span> <span class='ocrx_word' id='word_1_201' title='bbox 732 3864 899 3944; x_wconf 82' lang='lat' dir='ltr'>quantum</span> <span class='ocrx_word' id='word_1_202' title='bbox 914 3840 1065 3915; x_wconf 83' lang='lat' dir='ltr'>maxime</span> 
     </span>
     <span class='ocr_line' id='line_1_34' title="bbox 25 3936 1065 4148; baseline -0.01 -123"><span class='ocrx_word' id='word_1_203' title='bbox 25 3944 108 4027; x_wconf 86' lang='lat' dir='ltr'>lieri</span> <span class='ocrx_word' id='word_1_204' title='bbox 121 3944 254 4060; x_wconf 79' lang='lat' dir='ltr'>potall,</span> <span class='ocrx_word' id='word_1_205' title='bbox 267 3942 532 4038; x_wconf 80' lang='lat' dir='ltr'>conciliandam,</span> <span class='ocrx_word' id='word_1_206' title='bbox 550 3940 757 4148; x_wconf 50' lang='lat' dir='ltr'>&amp;gudam</span> <span class='ocrx_word' id='word_1_207' title='bbox 771 3936 1065 4143; x_wconf 49' lang='lat' dir='ltr'>snbstamltgl·</span> 
     </span>
    </p>
   </div>
   <div class='ocr_carea' id='block_1_9' title="bbox 0 0 1280 4550">
    <p class='ocr_par' dir='ltr' id='par_1_10' title="bbox 0 0 1280 4550">
     <span class='ocr_line' id='line_1_35' title="bbox 0 0 1280 4550; baseline 0 9"><span class='ocrx_word' id='word_1_208' title='bbox 0 0 1280 4550; x_wconf 95' lang='lat' dir='ltr'> </span> 
     </span>
    </p>
   </div>
  </div>
 </body>
</html>
